2101 3187
443 71 538 106 Rationes
557 72 668 105 studiorum
975 73 1013 113 129

58 205 59 208 ’
112 212 149 241 res
167 200 307 242 extenditur.
329 214 339 240 u
351 202 408 243 (111111
426 200 593 242 insufficientia
611 202 723 242 lectorum
741 203 808 242 cedat
826 201 851 241 111
869 201 1013 242 studentium

111 275 215 317 notabile
227 276 391 317 detrimentum
403 278 426 316 et
439 276 494 316 ordo
506 275 612 327 patiatur
625 275 759 316 damnum..
777 274 950 329 [provinciales]
967 287 1012 316 non

114 352 263 400 promoveant
275 352 305 391 ad
318 349 420 390 officinm
433 349 557 391 lectionum
569 350 706 402 theologiae7
720 349 878 402 philosophiae
891 352 914 391 et
927 349 1014 391 artium

113 423 160 464 nisi
170 425 256 465 iratres
268 424 308 476 qui
319 425 349 464 ad
361 424 416 464 haec
427 423 505 464 oiiicia
516 424 541 464 in
553 423 651 465 scientia
662 426 685 464 et
697 423 800 464 moribus
810 423 899 465 inerint
911 423 1014 476 aptiores

113 498 237 538 secundum
253 497 365 538 iudicium
382 496 484 548 ipsorum
501 497 620 550 lectorum,
639 509 766 549 cursorum,
785 498 949 549 magistrorum
965 499 1014 538 stn-

113 570 216 612 dentium
228 573 251 612 et
264 571 363 611 aliorum
375 572 484 623 fratrum,
498 572 537 623 qui
548 571 573 612 in
585 572 628 613 hac
641 574 708 622 parte
720 574 818 623 possunt
832 571 897 612 fidele
909 571 1013 613 testimo-

112 645 176 685 ninm
190 644 309 696 perhibere
320 646 359 685 145.
376 646 442 686 Anno
456 645 510 686 1344
524 645 624 687 variatio
638 645 750 686 lectorum
764 645 945 693 commendatur,
961 657 1013 686 cum

113 719 200 759 alicubi
215 718 295 770 plnres
310 717 453 760 sufficientes
468 718 591 770 exsistunt,
608 719 644 760 ita
660 721 686 759 nt
702 730 763 759 unns
777 730 818 770 per
833 719 846 757 i
862 719 897 759 vel
913 720 925 760 5
940 730 1014 761 annos

114 793 195 833 doceat
210 794 233 833 et
248 794 329 844 postea
343 792 398 833 aliis
413 792 487 833 locum
503 793 646 844 relinquatii.
665 794 693 833 In
708 792 800 833 saeculo
816 793 854 834 XV
870 792 1014 835 conditiones

114 865 267 917 particulares
283 877 325 917 pro
341 865 511 908 constituendis
526 867 650 908 lectoribus
666 866 791 917 aliqnando
807 865 1012 918 requirebanturfl.

114 940 196 980 Lector
209 940 233 979 in
247 951 289 980 sua
303 939 381 980 schola
395 940 457 980 velut
470 951 551 991 regens
563 942 613 981 erat
627 952 641 980 a
655 940 804 980 baccalaurec
818 939 936 980 interdum
949 939 1015 980 adiu-

87 1041 88 1044 *
114 1014 179 1054 tusa.
565 1061 566 1067 ¹

168 1086 294 1139 Magistros
311 1085 440 1138 theologiae
459 1087 547 1139 (sacrae
563 1087 662 1139 paginae
679 1087 849 1140 pi‘oiessores)⁴⁹
867 1086 950 1128 habere
967 1087 1015 1128 ira-

113 1162 160 1201 tres
174 1159 349 1201 Praedicateres
363 1172 424 1201 anno
438 1161 492 1201 1229
506 1163 637 1212 coeperunt,
653 1173 705 1202 cum
719 1151 839 1201 Rolandus
853 1161 1013 1202 Cremonensis

112 1236 142 1275 ad
158 1234 291 1275 cathedram
307 1245 377 1274 unam
393 1233 547 1275 Parisiensem
563 1234 693 1275 ascenderit
709 1236 733 1275 et
743 1246 801 1283 ‘mox
818 1233 928 1287 magister
945 1234 1013 1275 Ioan-

113 1319 152 1348 nes
166 1307 193 1348 de
207 1309 230 1348 S.
245 1307 342 1359 Aegidic
356 1307 459 1349 ordinem
472 1307 563 1358 intrans
576 1303 646 1349 aliam
659 1308 793 1349 cathedram
806 1309 965 1349 confratribus
978 1311 1013 1349 at-

112 1381 221 1422 tulerit⁵⁰.
237 1382 274 1422 Ad
288 1382 413 1422 servandas
426 1381 469 1422 has
481 1381 603 1422 cathedras
617 1382 673 1422 crdo
688 1382 715 1422 de
728 1380 886 1422 baccalaureis
900 1393 942 1422 suo
957 1383 1013 1421 iem-

113 1466 167 1505 pore
181 1454 244 1495 locos
258 1454 422 1506 magistrorum
436 1454 563 1506 recepturis
578 1454 687 1506 providit.
704 1455 800 1496 statuta
815 1453 958 1495 Parisiensia
973 1466 1013 1495 an-

112 1528 137 1568 ni
148 1529 203 1570 1215
215 1540 264 1568 11111
275 1528 446 1579 promotionum
459 1529 656 1569 moderabantur51
669 1541 684 1569 a
697 1540 742 1580 (pua
755 1524 913 1569 Mendicautes
925 1528 1012 1580 partim

87 1634 89 1636 .
112 1601 299 1642 extranantur-³².
314 1602 492 1653 Baccalaurens‚
507 1601 606 1643 medinm
620 1601 808 1642 statumhabens
821 1601 883 1642 inter
896 1601 1013 1643 scholares

112 1679 134 1716 et
149 1675 281 1727 magistros,
299 1676 341 1716 sub
356 1675 434 1726 aliquo
449 1675 560 1727 magistro
575 1677 668 1728 regente
683 1675 740 1727 legit
755 1677 778 1716 et
794 1675 885 1726 quidem
900 1676 964 1716 velut
979 1675 1013 1716 bi-

112 1749 185 1790 blicns
201 1761 290 1790 sacrani
306 1748 447 1800 scripturam
462 1752 503 1790 ant
519 1751 598 1801 postea
614 1749 678 1790 velut
693 1748 858 1790 sententiarins
875 1751 1010 1790 sententias.

88 1853 90 1856 >
111 1822 248 1874 Designatio
267 1823 297 1863 ad
316 1823 491 1864 baccalaurenm
510 1822 534 1862 in
552 1821 680 1864 idoneitate
699 1822 842 1875 proponendi
861 1822 1011 1875 consistebat,

111 1908 169 1948 qnae
185 1909 212 1937 ex
228 1896 355 1937 informata
371 1884 592 1948 scientiamagistri
608 1897 644 1937 vel
660 1898 740 1947 postea
757 1908 784 1942 ex
801 1895 904 1937 examine
921 1899 1013 1937 consta-

111 1956 287 2023 batjnmgister
301 1969 417 2022 generalis
430 1970 552 2022 praecipue
567 1972 594 2011 de
609 1969 741 2011 candidatis
756 1969 887 2022 prospicere
902 1970 1009 2011 debuit⁵³.

111 2045 237 2096 Postquam
251 2044 417 2085 baccalaureus
429 2043 532 2095 impletis
546 2044 636 2086 actibus
651 2043 918 2096 111111111111011111111154
934 2043 1012 2085 (lictus

111 2117 221 2159 lectiones
231 2129 285 2159 snas
296 2107 437 2169 terminavit,
450 2117 526 2159 subito
540 2118 603 2169 (duni
614 2118 641 2159 de
652 2116 838 2158 Mendicantibus
848 2118 969 2168 agebatur)
981 2119 1012 2159 ad

111 2190 230 2232 licentiam
243 2192 388 2243 praesentari
401 2192 486 2243 potuit.
501 2191 606 2232 Licentia
620 2192 716 2243 gradum
730 2190 885 2232 academicum
899 2203 946 2232 non
960 2203 1013 2232 con-

112 2264 219 2316 stitnii⁵⁵,
236 2266 276 2306 sed
291 2267 360 2317 porta
375 2267 426 2306 erat
441 2265 471 2306 ad
486 2265 645 2317 magisterium
661 2267 684 2305 et
699 2264 821 2317 collegium
837 2264 1009 2316 magistrorum.

111 2339 146 2378 Ex
162 2340 230 2388 parte
246 2338 335 2379 ordinis
352 2338 482 2390 1111111115(ἱ
501 2341 524 2380 et
540 2350 647 2380 concessa
663 2350 678 2379 a
694 2337 833 2379 cancellario
851 2337 1012 2380 univcrsitatis

111 2411 206 2452 licentia
220 2412 261 2453 ille
276 2412 315 2464 qni
330 2411 466 2454 licentiatur
481 2412 621 2463 principium
635 2411 651 2452 i.
669 2424 687 2453 e.
705 2411 826 2453 lectionem
841 2411 877 2453 vel
891 2423 1012 2463 argumen-

108 2484 222 2525 tationem
238 2486 356 2536 publicam
371 2486 475 2526 tennit⁵⁷.
492 2487 529 2527 Ad
544 2487 604 2537 qnod
620 2486 721 2538 receptio
737 2485 820 2527 birreti
835 2484 962 2526 doctoralis
978 2496 1012 2526 se-

111 2560 249 2612 queuaturr.
271 2559 410 2611 Magistrum
429 2562 507 2602 autem
526 2562 630 2612 oportuit
649 2560 739 2613 publice
760 2562 846 2612 docere,
868 2560 1010 2611 praedicare.

110 2637 220 2685 actusque
233 2633 381 2684 magistrales
394 2635 579 2687 disputationum
593 2635 725 2675 exercere⁵⁰.

166 2709 226 2748 Dum
242 2706 267 2746 in
282 2706 351 2747 initio
368 2709 444 2749 iorma
459 2708 599 2750 Parisiensis
616 2709 743 2760 exemplum
760 2710 783 2749 et
800 2707 894 2749 unicum
910 2706 1010 2749 medinm

110 2780 263 2834 magistrandi
275 2779 299 2819 in
312 2781 406 2832 Europa
418 2781 572 2823 contineutaii
585 2784 642 2834 erat,
657 2782 719 2834 apud
731 2781 818 2833 Anglos
831 2780 938 2833 magistri
952 2781 1010 2821 Oxo-

110 2857 200 2897 nienses
215 2839 329 2906 vigebant.
346 2853 435 2894 Deinde
449 2857 528 2896 antem
542 2868 584 2908 per
598 2856 766 2897 concessionem
780 2854 924 2908 pontificiam
939 2855 1010 2895 Bene-

110 2930 167 2972 dicti
182 2930 220 2981 XI,
238 2926 343 2980 Gregorii
357 2927 395 2977 XI,
412 2927 528 2969 Bonifatii
544 2930 593 2969 Ixia
609 2929 733 2981 aliasqueGl
750 2928 873 2981 prasertim
890 2927 946 2968 Iulii
962 2927 1008 2966 Hm

110 3003 188 3045 ordini
203 3004 289 3044 iactam
306 3000 370 3053 digni
385 3001 415 3041 ad
430 3001 589 3052 magisterium
605 3014 647 3054 per
662 3002 786 3055 magistros
801 3001 889 3043 ordinis
905 3013 932 3041 ac
948 2999 1010 3051 capi-
