2101 3187
345 79 450 114 llissiones
466 80 557 119 llunrpae
573 80 677 113 orientalis
928 84 966 124 173

63 210 112 251 dati
126 211 188 250 sunt.
204 208 351 250 Dominicaui
365 208 523 260 expeditiones
538 208 639 259 militum
654 208 832 250 Teutonicorum
847 212 965 262 tamquam

61 283 176 335 capellani
190 285 352 335 sequebantur,
368 283 471 324 subactis
486 283 592 334 gentibus
607 282 749 334 baptismum
764 284 963 325 administrantes.

117 357 269 411 sialandiae,
282 359 311 399 el·
322 370 383 399 anno
395 359 450 399 1150
462 357 633 399 christianitati
644 360 734 409 aperta,
747 360 800 410 post
812 371 898 399 annum
911 358 965 399 1221,

62 433 178 485 Thomam,
200 433 298 473 tratrem
319 432 507 473 Praedicatorem
528 432 636 484 cinglum,
660 432 792 483 episcopum
813 433 902 480 habuit,
925 432 964 485 qui

62 506 216 548 zelantissimc
238 507 354 558 superatis
375 505 509 558 ingentibus
531 505 713 547 difficultatibus
735 506 882 557 paupertatis
904 519 960 548 suae
1020 501 1021 505 ’

18 606 19 610 =
60 580 200 622 conditionis
222 583 246 622 et
268 579 404 621 delectionis
427 580 557 632 aliquorum
580 580 710 621 Finnorum
733 581 779 620 iam
803 592 964 622 conversorum

60 657 153 695 tandem
167 668 193 696 ex
206 654 304 695 armatis
317 654 412 697 auxiliis
426 654 488 695 circa
501 666 587 694 annum
601 655 656 695 1240
670 654 789 695 ecclesiam
803 657 918 695 servatam
932 656 964 696 vi-

60 729 102 770 dit.
119 730 264 770 instaurem
280 729 329 770 eius
344 728 429 780 positio
445 728 583 779 complicata
599 727 692 769 exstitit
707 732 730 769 et
745 729 799 769 1215
814 730 842 769 ob
858 741 963 770 excessus

60 801 270 844 administrationis
291 802 408 854 resignare
428 801 508 842 debirit
530 804 556 860 (†
576 803 647 853 12181.
669 801 776 843 Victoria
795 801 963 843 christianismi

58 878 120 928 apud
135 875 223 918 Finnos
238 878 260 917 01
274 876 382 918 fundatio
407 877 509 917 fratrum
534 875 725 917 Praedicatorum
750 888 802 916 cum
817 875 963 927 expeditione

60 950 149 991 8000101
161 950 274 1002 principis
287 950 369 1002 Birger
381 950 434 991 Jarl
447 950 573 990 0111101249
586 952 650 990 iacta
663 950 777 1008 cclraeret.
794 951 902 991 influxus
916 950 962 991 cul-

59 1024 143 1065 turalis
164 1036 192 1065 ac
213 1017 562 1076 religiosusDominicanor.¹um
584 1024 725 1064 Ftnlandiae
747 1023 815 1076 digne
836 1024 958 1065 relevetur.

59 1098 209 1139 Franciscani
223 1099 316 1139 nonnisi
331 1098 461 1139 0110111400
476 1097 533 1139 illuc
548 1100 667 1138 venerunt.

112 1173 201 1213 Versus
216 1172 328 1213 orientem
345 1172 404 1212 arari
421 1171 589 1213 mediterraneo
606 1171 742 1213 arhecerunt
759 1171 891 1223 provinciae
909 1173 962 1214 mis-

58 1246 173 1288 sionariae
183 1247 294 1288 Graeciae
305 1249 327 1288 et
339 1247 536 1298 mammaeae,
549 1246 650 1297 propriis
662 1245 719 1287 locis
731 1245 777 1287 iam
790 1246 959 1288 describendae.

61 1322 108 1362 liae
123 1320 255 1372 provinciae
270 1323 411 1361 momentum
426 1331 540 1361 sumnmm
557 1332 582 1360 ex
599 1332 624 1360 eo
642 1320 778 1371 hauserunt
796 1320 856 1371 quod
872 1331 961 1371 semper

57 1395 149 1436 initium
169 1395 203 1435 rel
221 1394 348 1435 subsidium
366 1394 401 1435 vel
419 1396 524 1435 centrum
542 1393 640 1436 actionis
659 1395 760 1434 fratrum
778 1405 820 1445 pro
838 1394 960 1436 catholicis

56 1469 150 1509 illarum
163 1470 279 1509 terrarum
292 1471 315 1509 et
329 1480 370 1520 pro
384 1468 492 1519 operilms
505 1467 599 1508 unionis
611 1467 781 1509 ecclesiasticae
794 1480 846 1509 cum
860 1468 961 1510 orienta-

57 1544 117 1584 libus
133 1546 156 1584 et
171 1543 234 1583 basis
248 1555 290 1594 pro
306 1542 492 1594 expeditionibus
508 1541 570 1582 inter
586 1541 701 1586 distantes
717 1541 815 1593 populos
831 1544 905 1582 erant.
924 1544 959 1583 Ab

55 1628 117 1658 anno
135 1616 227 1658 circiter
245 1618 299 1658 1300
318 1616 416 1657 societas
435 1616 638 1667 Peregrinantium
657 1620 753 1667 propter
772 1615 891 1658 Christum
909 1618 960 1657 tum

56 1690 260 1743 Gorrstantinopoli
278 1693 328 1731 tum
345 1691 375 1731 ad
394 1689 511 1730 Euxinum
530 1691 630 1730 Pontum
649 1692 672 1730 et
690 1690 714 1729 in
733 1689 814 1731 Persia
831 1692 912 1731 centra
930 1690 961 1731 ha

56 1766 118 1816 bens,
137 1764 210 1805 zelum
228 1765 362 1805 dilatandae
380 1764 433 1805 fidei
451 1763 526 1804 vivunt
544 1763 687 1815 errpressit¹⁷¹

110 1838 199 1890 Ubique
209 1838 234 1878 in
245 1838 279 1879 rel
290 1851 332 1891 pro
343 1838 391 1880 illis
402 1837 530 1879 ditionibus
542 1837 697 1896 missionariis
709 1838 868 1879 Dominicauis
880 1839 959 1879 adiue-

55 1917 111 1953 runt
127 1912 251 1964 conspicua
268 1912 370 1964 dignitas
387 1907 540 1964 praesulumsS
561 1913 588 1963 (e.
607 1924 628 1963 g.
648 1911 755 1952 Corinthi
772 1912 959 1964 archiepiscopus

54 1986 192 2028 Guillehnus
209 1988 237 2028 de
253 1987 373 2027 Moerbehe
390 1986 490 2036 1280181,
509 1985 678 2037 Hierosolymis
695 1986 842 2037 patriarchae
860 1986 958 2027 Thomas

54 2061 115 2112 Agni
130 2061 157 2101 de
167 2060 269 2102 vLentino
285 2061 385 2112 1212111,
402 2059 512 2101 Nicolaus
528 2061 556 2100 de
572 2061 681 2111 Hanapes
697 2059 802 2123 1288101,
812 2059 958 2101 Antiochiae

54 2133 154 2175 rica-rius
169 2133 324 2186 patriarchae,
341 2133 396 2184 cyri
411 2136 435 2174 et
449 2133 566 2174 Nazareth
582 2132 749 2184 archiepiscopi
765 2132 832 2185 rami,
850 2134 958 2175 Sultanie

54 2207 221 2260 archiepiscopi
238 2208 316 2260 plures
338 2209 402 2260 [1318
412 2233 420 2239 -
431 2220 448 2248 s.
468 2208 529 2259 XVl,
549 2207 640 2258 Caphae
659 2207 852 2250 Bartholomaeus
869 2209 958 2249 Ventu-

54 2294 92 2322 rae
105 2281 214 2334 13811011,
229 2282 372 2333 praedicatio
385 2293 463 2323 coram
476 2280 596 2322 catholicis
610 2283 633 2321 01
647 2280 836 2322 hlahometauis19
851 2284 874 2323 et
888 2283 957 2323 Grae-

54 2356 86 2397 cis
103 2357 126 2396 et
142 2354 283 2409 infidelibus,
302 2358 403 2406 systema
420 2355 576 2396 habendorum
594 2356 749 2395 conventuum
767 2355 901 2396 formalium
918 2367 957 2407 po-

54 2430 101 2471 tius
115 2440 183 2481 quam
198 2429 327 2470 stationum
341 2440 474 2483 parvarum,
491 2428 595 2469 studium
611 2429 705 2469 unionis
721 2429 890 2471 ecclesiasticae
905 2441 957 2470 eum
995 2444 997 2447 ·

53 2502 218 2553 Byzantinisffi,
235 2505 261 2542 ut
277 2504 415 2554 0111101234,
432 2514 484 2543 cum
500 2503 626 2554 Gregorius
643 2504 673 2543 ix
689 2503 778 2555 legatos
794 2502 884 2545 miserit
900 2503 968 2551 dnos

53 2577 227 2619 Praedicatcres
241 2576 362 2628 [ingonem
376 2578 496 2629 quemdam
510 2589 536 2617 ac
550 2578 645 2617 Petrum
660 2578 687 2617 de
701 2577 789 2618 Seaana
803 2589 854 2617 cum
868 2578 957 2618 duobus

53 2651 189 2701 Minoribus,
203 2649 242 2701 qui.
254 2661 331 2690 omnes
344 2652 421 2691 tamen
435 2651 534 2691 Nicaeae
547 2662 587 2701 per
600 2651 715 2702 colloquia
728 2653 814 2703 septem
827 2651 885 2691 nihil
899 2650 957 2692 obti-

52 2727 138 2766 nebant
153 2725 187 2766 rel
202 2735 262 2763 anno
278 2724 339 2774 1256,
356 2724 381 2763 in
397 2737 441 2775 quo
457 2724 626 2766 Constantinus
643 2725 802 2767 Urberetanus
819 2725 909 2776 papalis
926 2724 955 2764 le-

49 2802 118 2850 gatus
127 2800 226 2839 Beroeae
235 2797 259 2837 in
269 2797 405 2838 llacedonia
414 2799 443 2838 ad
454 2798 549 2838 ltaliam
559 2798 643 2839 reverti
652 2799 783 2839 constituit,

106 2871 314 2924 Disquisitionibus
331 2871 353 2911 8.
371 2871 469 2912 'l'lromas
484 2872 512 2912 de
527 2872 619 2924 Aquino
635 2875 658 2913 ct
673 2873 816 2914 Humbertus
832 2873 955 2914 (10110100-

52 2959 87 2988 ms
100 2959 147 2986 rem
160 2957 264 2997 graecam
277 2945 436 2995 illustrarunt
451 2946 505 2985 dum
519 2948 603 2987 Petrus
617 2947 644 2986 dc
658 2946 797 2987 tarantasia
810 2947 918 2988 unionem
930 2946 954 2999 in

51 3021 148 3062 concilio
162 3019 310 3072 Lugdunensi
324 3018 397 3078 arltero
412 3020 481 3069 atque
495 3019 518 3057 in
534 3021 621 3070 spinido
636 3020 765 3061 Basileensi
780 3021 878 3061 Ioannes
894 3020 954 3071 8101-
