2101 3187
397 61 458 95 Ratio
475 62 621 101 provinciarum
802 91 803 94 η
916 66 958 107 191

58 189 163 230 tentione
180 188 213 230 sui
232 189 308 242 operis
325 189 462 242 divurlgandi
479 192 502 231 ct
519 202 559 242 per
576 191 679 232 ordinem
696 191 827 233 missionem
846 193 963 244 praedicn-

60 262 131 304 tionis
146 263 286 314 apostolicae
301 263 418 315 pandendi
433 262 492 305 alios
507 264 567 306 locos
582 264 683 316 recipere
698 264 778 316 voluit,
795 265 860 306 utin
876 265 924 307 illis
939 269 963 307 ct

55 338 156 378 fratrum
168 338 233 379 labor
243 339 274 379 ad
287 338 386 378 salntem
398 338 528 390 animarum
540 342 648 391 ageretur
659 343 681 380 ct
695 341 750 381 ordo
763 342 912 392 augmentum
925 352 962 381 cau

7 403 9 405 ’
25 419 26 422 ’
58 412 129 460 peret.
143 411 204 452 Ante
216 411 383 461 dispersionem
396 412 507 461 quaedam
521 411 683 464 dispositiones
696 412 758 453 circa
771 411 872 464 regimen
884 415 908 454 et
921 414 962 454 ad·
991 434 992 437 =

57 473 252 525 ministrationem
269 482 357 525 ordinis
373 485 442 524 erant
459 485 652 526 determinandae.
671 484 805 526 Dominious
823 486 962 527 moderatio-

58 568 109 597 nem
123 558 250 608 generalem
263 557 300 597 sni
314 557 403 599 ordinis
416 557 501 610 tenuit,
517 559 570 599 dum
583 558 604 599 ei
617 559 642 599 in
657 557 777 611 dirigendo
790 561 904 600 conventu
918 561 962 600 To-

59 629 138 672 losano
153 633 228 671 irater
244 630 378 671 Matthaeus
393 630 499 683 superior
515 634 556 673 sub
572 632 643 673 titulo
659 631 750 691 abbatis
767 630 885 674 successit.
904 633 960 674 Post

58 704 117 745 diem
132 706 159 746 15
174 704 268 756 augusti
282 705 337 744 1211
352 705 439 745 tratres
455 704 480 744 in
495 705 571 746 varias
587 708 665 757 partes
682 704 803 746 distributi
818 705 960 747 industriam

58 778 199 829 apostolicae
212 790 267 819 suae
279 777 379 818 aetionis
393 781 416 818 et
429 777 491 819 vitae
503 790 591 820 necnon
605 781 628 819 et
641 777 769 830 ampliandi
782 766 872 819 ordinis
886 790 962 821 susoc-

56 855 147 904 perunt.
162 852 297 893 Donrinicus
310 864 360 892 cum
376 852 437 893 socio
451 852 545 894 11111111
558 853 659 906 1111111112,
674 854 764 900 ubisui
777 854 897 905 regiminis
912 867 961 894 con·

54 929 117 968 trum
128 926 269 968 constituere
281 929 347 967 ratus
360 929 401 968 est.
416 927 467 967 Non
480 927 570 969 videtur
583 927 678 969 dubium
691 929 719 969 (le
730 927 779 979 hoc,
794 928 853 979 1111111
867 928 916 978 ipse
929 927 959 968 ci-

54 995 145 1053 vitates,
162 999 201 1042 ubi
216 1000 366 1050 fundationes
383 1001 472 1052 tierent,
489 1001 695 1043 determirmvoriti.
885 1041 887 1044 .

112 1073 250 1125 Conventus,
268 1072 347 1124 quiin
364 1072 535 1115 universitariis
550 1074 684 1116 civitatibus
701 1073 829 1114 Parisiensi
845 1075 869 1114 11
885 1074 961 1114 Bono-

56 1145 131 1188 niensi
146 1146 187 1187 siti
202 1148 277 1197 crant,
294 1146 419 1187 maximum
436 1158 556 1187 numerum
571 1147 748 1188 candidatorum
764 1146 842 1188 ordini
859 1147 960 1188 adduxe-

57 1222 129 1261 111114.
143 1222 173 1261 nt
184 1232 230 1261 nou
242 1220 315 1261 solum
328 1220 391 1262 Galli
403 1220 502 1261 Parisiis
514 1232 585 1272 neque
598 1220 654 1262 Itali
665 1220 827 1261 tantummodo
840 1206 959 1261 Bononiae

54 1295 174 1337 sedetiam
187 1295 286 1335 aliarum
298 1293 420 1336 nationum
433 1294 483 1348 filii,
498 1297 537 1347 11111
549 1295 677 1340 studiorum
689 1306 761 1336 nausa
772 1295 797 1335 in
810 1294 859 1336 illis
872 1293 958 1335 centris

56 1367 175 1419 degebant,
191 1367 294 1408 ordinem
308 1366 438 1408 1111111111.

111 1441 167 1481 (ium
181 1442 236 1482 ordo
251 1440 442 1481 Praedicatorum
456 1443 510 1491 post
523 1440 650 1493 eapitulum
664 1441 769 1492 generale
783 1441 840 1481 anni
854 1440 909 1481 1220
923 1451 959 1481 ce-

53 1504 135 1557 leriore
147 1516 213 1556 niodo
225 1517 368 1567 propagatus
380 1514 471 1566 11111115,
484 1515 509 1556 in
521 1516 623 1568 capitulo
635 1515 737 1568 generali
748 1507 810 1556 anno
823 1516 878 1555 1221
890 1526 959 1567 quae-

53 1590 98 1630 stio
113 1591 139 1630 de
152 1589 287 1641 colligendis
300 1589 407 1642 pluribus
421 1589 571 1631 conventibus
583 1590 608 1630 in
623 1589 776 1641 particulares
791 1588 891 1630 ditiones
906 1600 959 1639 pro-

55 1661 182 1702 vinciarum
202 1673 242 1713 per
262 1661 373 1713 speciales
393 1661 545 1713 provinciales
565 1661 655 1714 priores
675 1660 830 1702 moderandas·
848 1661 959 1707 solvenda

55 1736 169 1787 manebat,
191 1738 283 1777 servata
303 1736 403 1777 centrali
423 1735 513 1777 ordinis
532 1735 607 1777 totius
627 1722 837 1776 administratione.

110 1809 207 1850 Selectio
228 1812 298 1861 atque
318 1809 431 1850 adunatio
452 1808 568 1849 variorum
589 1810 741 1849 conventuum
762 1808 793 1848 ad
813 1818 884 1848 unam
904 1819 958 1859 pro-

54 1882 152 1924 vinciam
170 1883 339 1924 eitormandam
358 1882 383 1923 in
401 1882 470 1923 initio
489 1882 562 1935 magis
581 1882 706 1923 seeundum
724 1881 863 1933 populorum
883 1880 958 1922 diver-

53 1969 103 1997 sum
121 1955 284 2009 characterem,
304 1956 375 1997 etiam
392 1957 553 1997 tantummodo
572 1955 718 2008 regionalem,
738 1957 761 1995 ct
779 1954 893 1995 diversam
912 1953 957 1994 lin-

51 2042 126 2083 gnam,
146 2042 213 2082 quam
231 2032 356 2072 secundum
374 2029 610 2083 circumscriptionem
627 2030 746 2081 politicam
764 2031 895 2071 evenerunt.
917 2029 955 2069 Ila

30 2141 31 2145 ,
53 2103 189 2155 paeninsula
200 2103 295 2155 iberica,
308 2115 365 2155 (11111
378 2102 484 2154 pluribus
497 2102 572 2155 regnis
586 2101 714 2153 constabat,
724 2087 799 2141 1111111
811 2099 957 2152 provinciam
976 2117 978 2122 ⁷

50 2177 178 2229 Hispaniae
190 2178 284 2229 reecpit.
298 2178 344 2219 Pro
357 2176 442 2219 Galliis
455 2179 513 2219 duae
525 2176 655 2229 provinciae
668 2176 709 2216 illa
722 2174 859 2216 Provinciae
871 2177 895 2216 11
907 2173 956 2215 alia

52 2248 164 2290 Franciae
178 2251 371 2302 concedebantur,
387 2250 412 2289 in
427 2250 510 2302 quibus
524 2250 618 2300 insuper
632 2247 755 2299 imperium
770 2248 901 2288 Romanum
915 2258 957 2287 na-

52 2323 122 2365 tionis
139 2323 289 2376 germanicae,
308 2336 326 2364 e.
345 2336 365 2376 g.
385 2323 493 2376 Lugduni
509 2310 624 2374 etlletis,
643 2321 808 2374 participabat,
827 2319 955 2378 Imperium

52 2399 109 2438 111111
118 2395 248 2449 provincias
258 2397 462 2448 complectebatur,
473 2408 553 2448 nempe
561 2395 712 2437 Lonibardiae
721 2396 744 2436 et
754 2394 887 2434 Teutoniae.
899 2394 957 2434 Pro-

50 2472 138 2515 rinoiao
150 2469 238 2511 ordinis
250 2471 386 2523 Hungariac
399 2474 421 2512 et
433 2471 531 2523 Angliae
544 2470 627 2512 tinibus
640 2468 742 2523 politicis
755 2469 945 2510 courtservantur

51 2547 161 2587 Attamen
180 2543 215 2583 vcl
234 2543 293 2584 situs
313 2543 481 2596 geographicus
501 2544 563 2584 solus
583 2554 624 2594 pro
644 2542 759 2593 aliquibus
780 2540 907 2592 provinciis
927 2542 958 2581 111

51 2619 161 2661 Graeciae
180 2618 203 2658 et
222 2617 305 2658 Terrae
326 2620 422 2659 sanotae
442 2618 467 2659 11
488 2617 596 2659 extremis
617 2618 686 2659 orbis
701 2615 866 2657 exsistentibus
888 2615 953 2655 suiti-

51 2693 113 2735 ciens
131 2692 191 2732 ratio
209 2689 402 2740 independentiae
420 2690 622 2731 adrninistrativae
640 2702 688 2731 esse
706 2688 791 2740 potuit.
813 2688 842 2728 In
861 2687 953 2728 casibus

51 2767 135 2808 dubiis.
146 2766 172 2806 de
191 2762 294 2804 domibus
314 2763 356 2802 1111
374 2764 409 2804 vel
428 2764 498 2805 alteri
517 2762 648 2814 provinciae
666 2761 829 2802 adiudicandis
848 2747 953 2812 capitula

52 2840 168 2892 generalia
189 2838 224 2878 vel
245 2836 309 2887 ipsae
330 2835 465 2886 provinciae
485 2837 550 2877 litem
572 2836 678 2877 dirimere
700 2835 813 2876 solebant.
838 2834 877 2875 Sic
898 2845 950 2875 eon-

50 2915 133 2954 ventus
142 2908 280 2957 Viennensis
290 2919 305 2949 a
315 2908 432 2949 iratribus
443 2910 579 2961 Hungariae
590 2907 721 2962 provinciae
732 2908 847 2950 fundatus
859 2908 889 2948 ad
902 2919 954 2959 pro-

49 2987 148 3028 vinciam
167 2983 291 3026 'resartae
309 2981 414 3034 transiit,
434 2986 559 3025 conventus
578 2983 703 3036 Brugensis
721 2987 744 3024 et
763 2982 922 3026 Garniavensis
941 2991 952 3019 e
