2188 3178
420 96 512 131 nicolusio
526 97 624 138 generalis

184 296 198 354 ξ
217 297 252 339 11.
274 296 382 355 Regimen
404 297 489 340 ordinis
505 297 600 341 durante
615 300 734 343 schismate
750 299 893 344 occidentali,

155 423 222 471 anno
238 430 293 471 1378
310 429 386 471 dirum
402 430 501 472 schisma
516 430 612 484 incepit,
630 434 690 485 qriod
706 445 796 486 gregem
812 433 902 475 Ohristi
918 436 948 476 ad
964 447 1004 477 an-

98 515 154 544 num
169 502 223 544 1411
238 505 261 544 11
276 506 304 544 ex
319 506 386 556 parte
399 504 476 545 adhuc
490 505 554 545 ultra
570 505 669 566 diuisum
684 507 768 548 tenuit.
786 508 894 549 Urbanus
910 509 945 549 VI
960 489 1011 550 Ro-¹

98 589 148 618 mae
159 576 266 630 Saprilis
277 578 332 620 1378
344 577 452 620 canonice
463 579 550 636 electus
562 591 603 620 sno
615 579 749 622 charactere
760 585 784 623 et
796 582 844 638 zelo
857 581 1004 633 imprudente

97 650 178 702 plnres
186 651 319 694 cardinales
328 652 364 694 ita
374 652 482 705 otiendit,
494 655 521 694 ut
532 655 574 695 sub
585 654 731 705 protectione
741 656 807 707 regni
815 641 968 708 Neapolitani
980 667 1003 698 a·

98 724 155 766 lium
168 726 257 778 Papam
270 737 348 768 mense
360 726 484 778 septembri
498 726 617 779 eligerent,
634 728 673 780 qni
687 728 751 769 velut
764 730 869 771 Clemens
883 730 931 771 VII
945 730 1003 771 Ave-

97 798 168 840 nione
180 799 330 841 residentiam
343 800 401 841 fixit.
415 800 468 842 ntsi
480 802 545 853 Papa
559 802 702 842 «Romanus»
717 813 783 843 verns
797 804 862 855 Papa
875 803 967 845 exstitit
979 806 1003 845 et

94 873 216 915 habendus
226 876 284 922 erat,
295 876 373 915 tamen
381 885 424 926 per
432 875 571 922 assertiones
581 875 736 916 cardinalium
746 876 906 928 oppositorum
916 877 968 919 iura
978 880 1002 918 et

97 947 180 989 electio
191 947 317 990 Clementis
327 949 376 990 VII
387 948 546 990 commendata
557 951 581 990 et
591 951 646 990 rata
656 948 738 991 habita
749 962 764 991 a
775 950 883 1003 plurimis
895 951 1003 1003 partibus

98 1024 161 1063 sunt.
172 1023 233 1063 Dum
241 1005 308 1063 nobis
317 1022 426 1074 ambigua
434 1034 471 1064 res
480 1034 507 1064 ex
516 1024 600 1064 exentu
609 1023 703 1064 facilior
712 1026 786 1076 patet,
797 1024 862 1067 illius
871 1025 922 1066 aevi
931 1025 1002 1067 homi-

97 1107 139 1137 nes
153 1096 231 1138 dubiis
244 1096 354 1148 gravibus
368 1096 565 1149 angustiabantur
579 1099 603 1139 et
617 1108 685 1149 saepe
700 1099 754 1138 ante
769 1098 840 1148 unius
854 1100 890 1139 vel
905 1099 1003 1141 alterius

98 1170 175 1222 partis
187 1171 265 1222 Papae
278 1171 461 1223 acceptationem
475 1170 587 1212 diuturna
600 1170 747 1212 dubitatione
761 1171 893 1213 haeserunt.
909 1174 941 1214 nt
955 1158 1003 1225 qui·
1045 1221 1048 1227 .

98 1244 150 1284 dem
159 1255 206 1285 non
215 1255 262 1285 una
271 1244 320 1286 vice
329 1245 489 1286 tautummodo
499 1244 581 1286 electio
591 1244 653 1286 inter
663 1246 751 1296 Papam
761 1246 891 1286 Romanum
902 1245 1004 1297 11111111

98 1317 196 1361 ditionis
212 1317 381 1360 Areniouensis
398 1318 506 1359 iacienda
524 1321 582 1370 erat,
602 1320 642 1360 sed
661 1319 750 1371 quoties
769 1319 839 1360 unius
858 1319 1003 1361 obedientiae

76 1386 78 1390 ’
97 1394 168 1443 caput
180 1403 313 1444 supremum
325 1392 391 1444 obiit,
405 1384 492 1433 iterata
505 1392 609 1444 quaestio
622 1391 764 1445 agitabatur.
780 1393 882 1433 Tandem
895 1394 1002 1435 cumulus

96 1466 259 1507 confusionum
272 1466 297 1519 in
310 1466 408 1508 concilio
421 1465 506 1507 Pisano
519 1467 636 1518 perfectus
649 1466 705 1519 init,
719 1478 771 1508 cum
784 1467 857 1508 tertia
870 1466 1002 1509 obedientia

96 1542 176 1581 creata
189 1539 228 1581 sit.

152 1614 217 1655 Haec
236 1613 320 1656 divisio
340 1613 497 1656 ecclesiastiea
516 1614 636 1666 regiminis
655 1615 773 1655 nefastum
793 1614 904 1655 effectum
924 1617 948 1655 et
968 1625 1001 1655 se·
1082 1649 1083 1653 ,

71 1741 72 1744 ¹
97 1688 172 1740 (111111
189 1687 251 1729 sieut
268 1688 331 1740 apud
349 1699 427 1732 omnes
445 1689 524 1730 coetus
542 1687 718 1739 ecclesiasticos,
738 1687 773 1729 ita
791 1690 815 1729 et
833 1689 897 1739 apud
914 1688 1001 1729 iratres

98 1761 274 1804 Praedicatores
288 1774 365 1803 secum
380 1761 454 1803 duxit.
471 1762 508 1803 Ad
523 1762 622 1803 schisma
637 1762 662 1802 in
677 1761 782 1803 Ecclesia
796 1761 898 1802 schisma
912 1760 1003 1803 ordinis

97 1838 202 1877 secutum
217 1838 259 1877 est.
277 1837 306 1877 In
320 1835 540 1888 capitulogenerali
554 1837 609 1877 1378
624 1836 687 1888 apud
703 1835 870 1877 Carcassonam
886 1835 1001 1877 celebrato

97 1921 162 1962 «pro
184 1909 332 1951 sanctissimo
353 1909 378 1949 in
397 1909 493 1951 ,Ohristo
515 1912 582 1961 patre
605 1911 628 1951 et
650 1909 743 1950 domino
765 1909 944 1961 Urbanopapa
966 1910 1001 1951 VI

96 1984 194 2036 quilibet
207 1984 316 2025 sacerdos
331 1985 379 2025 tres
394 1983 498 2032 missas»
516 1984 591 2024 dicere
607 1983 742 2035 obligatur.
761 1983 855 2023 Interea
871 1982 1001 2024 cardinales

32 2054 34 2056 ’
95 2058 191 2100 Urbano
204 2060 239 2100 VI
252 2057 345 2100 adversi
358 2057 480 2104 Nicolaum
494 2059 521 2099 de
536 2059 559 2099 S.
576 2058 705 2100 Saturnino
719 2056 858 2108 magistrum
873 2056 896 2098 S.
912 2055 1001 2098 Palatii

96 2132 199 2175 Parisios
211 2133 310 2174 mittunt
322 2133 353 2174 ad
364 2143 440 2190 regem
452 2131 565 2173 Franciae
577 2134 601 2173 et
613 2131 739 2183 magistros
750 2129 894 2172 Parisienses
907 2130 1001 2172 edocen-

96 2208 154 2259 dos²‚
169 2207 208 2259 qui
220 2206 347 2258 antipapae
359 2206 438 2257 potius
451 2207 568 2247 favebant.
583 2206 692 2247 Urbanus
706 2204 741 2245 VI
755 2204 778 2245 S.
794 2203 1000 2246 GatharinamSe-
1054 2227 1055 2230 =

94 2291 188 2322 nensem
201 2280 337 2322 advocatam
351 2291 406 2321 snae
420 2291 503 2321 causae
516 2280 628 2321 adhibens
641 2290 692 2320 eam
706 2277 799 2319 litteras
813 2277 867 2319 illas
881 2278 1002 2320 mirandas

96 2356 123 2396 de
136 2354 227 2396 unitate
240 2355 358 2396 Ecclesiae
369 2356 393 2396 et
406 2353 528 2396 validitate
540 2352 661 2395 electionis
674 2351 764 2393 Urbani
776 2350 876 2393 scrihere
889 2352 953 2394 tecit.
968 2353 1000 2394 nt

96 2428 192 2481 legatos,
210 2429 273 2470 inter
290 2440 347 2481 quos
363 2428 525 2480 Raymundum
542 2428 571 2469 de
587 2427 676 2478 Capua,
694 2425 719 2465 in
737 2425 839 2467 Galliam
856 2427 1000 2479 perorandae

96 2514 152 2543 snae
166 2502 200 2544 rei
215 2514 286 2552 causa
301 2502 373 2544 misit.
390 2502 436 2552 Qui
451 2502 523 2555 legati
538 2502 566 2543 de
580 2487 778 2553 prohibitionibus
793 2502 817 2541 et
832 2500 961 2542 obstaculis
975 2500 1000 2540 in

96 2588 135 2617 eos
146 2576 271 2619 instructis
282 2576 392 2618 certiores
405 2568 492 2629 effecti,¹
506 2575 609 2617 Galliam
621 2584 668 2615 non
681 2574 841 2624 penetrarunt.
856 2576 918 2627 Rege
931 2575 1000 2615 Oaro-

96 2652 120 2692 lo
131 2652 152 2692 V
164 2662 205 2702 pro
218 2651 335 2693 Clemente
347 2652 396 2693 VII
408 2662 432 2692 se
444 2650 578 2692 declarante
590 2646 731 2689 universitas
744 2647 886 2690 Parisiensis
898 2648 1005 2696 eamdem

95 2725 250 2766 obedientiam
260 2724 440 2767 ecclesiasticam
451 2724 545 2765 tandem
557 2721 691 2773 assumpsit.
704 2722 770 2771 Quod
782 2725 806 2764 et
817 2721 929 2773 magister
939 2721 1000 2762 ordi-

94 2799 134 2841 nis
145 2799 336 2840 Praedicatorum
348 2798 422 2851 tecte,
436 2808 478 2850 pro
491 2795 616 2839 clementis
629 2795 747 2848 agnitione
760 2796 806 2837 iter
819 2807 871 2837 cum
884 2795 1000 2836 cardinali

94 2876 123 2917 de
135 2875 202 2915 Luna
214 2873 239 2913 in
251 2873 370 2925 Aragouia
382 2872 526 2913 nstitutus.

150 2947 260 3001 Neglecto
279 2949 369 2988 statuto
388 2945 487 2999 capituli
506 2944 698 2994 Oarcassonensls
715 2945 770 2987 1378
790 2943 851 2996 quod
869 2943 999 2995 capitulum

94 3023 201 3076 generale
222 3022 276 3063 1379
298 3020 496 3072 Caesaraugustae
517 3018 691 3070 celebraretur5,
713 3017 825 3070 magister
846 3016 911 3059 ullas
932 3007 998 3061 snam
