2101 3187
483 73 612 115 inquisitores
911 92 914 101 ⁴
951 78 989 118 187

89 198 168 252 quibus
181 201 287 242 sacculos
300 191 426 241 saecularis
440 201 519 241 (lector
533 202 631 241 loannes
647 202 703 256 ituit
716 201 852 242 addelrltur.
869 203 922 243 hlox
937 215 987 255 gra-
1036 233 1037 236 ,

84 272 191 313 vissimae
209 275 368 316 accusationes
387 275 414 314 de
433 274 565 315 inordinato
584 276 650 315 modo
669 275 808 326 procedendi
826 275 988 328 inquisitionis

84 345 217 397 hispanicae
230 350 326 389 Romam
341 348 432 393 delatae
445 354 506 388 sunt.
522 349 593 400 Reges
607 348 667 388 enim
682 348 724 389 sub
738 348 813 399 specie
826 342 928 401 religiosi
944 348 984 389 zel‘

83 420 228 464 aduersarios
243 420 351 473 politicos
367 432 454 473 quoque
470 432 511 471 ope
526 421 685 473 inquisitionis
701 422 824 468 percellere
840 424 983 465 nitebantnn

83 495 117 534 lle
132 495 242 537 alnisibus
256 501 280 535 in
295 494 387 546 negotio
402 494 561 546 inquisitionis
576 496 735 546 Hispanorum
751 508 778 543 ex
795 497 857 537 brevi
873 497 935 539 stxti
951 497 985 538 IV

83 567 129 609 diei
142 570 168 609 ab
181 569 284 610 iamiarii
297 569 351 609 1482
364 570 456 609 consini
471 567 531 609 sicut
544 569 571 609 dc
585 571 707 620 praecepto
721 569 899 621 inquisitoribus
913 585 928 613 a
942 573 985 613 Pa-

83 653 112 693 pa
126 642 249 694 inculcato,
265 642 402 682 observandi
415 643 523 687 accurate
536 653 629 682 normas
644 626 791 693 apostolicas.
809 644 909 685 Obtento
924 646 984 696 quod

81 716 268 768 archiepiscopus
285 715 432 767 Hispalensis
448 715 516 756 iudex
533 715 624 767 papalis
642 727 683 766 pro
700 716 897 767 appellationibus
915 730 985 770 super

83 791 211 831 tribunalia
222 789 389 839 remitiaretur,
404 789 539 841 gubernium
552 789 698 840 hispanicum
711 789 780 830 minis
794 802 821 830 ex
835 792 900 843 Papa
913 792 976 844 allai}

82 867 250 904 concessionem
271 862 369 904 extorsit
390 874 470 913 nempe
491 862 680 903 constitutionem
701 863 849 915 inquisitoris
869 866 985 916 generalis

82 923 304 988 natione'Hispani,
324 936 363 988 qui
383 936 481 977 'l’hmnas
500 937 657 988 ytorquemada
677 938 731 978 O.P.
753 938 817 988 prior
838 938 984 990 Segobiensts

81 1014 138 1051 erat.
154 1010 225 1051 Cuius
238 1011 365 1050 facultates
377 1002 414 1051 die
425 1011 439 1050 2
451 1010 545 1062 augusti
557 1011 611 1052 1483
624 1022 666 1062 pro
679 1011 782 1052 Castella
796 1013 819 1052 et
832 1011 931 1063 Legione
944 1011 984 1052 da-

80 1085 118 1124 tae
131 1084 167 1125 die
181 1085 207 1124 ir
220 1084 321 1124 octobris
334 1085 363 1124 ad
377 1083 525 1136 Aragoniam‚
540 1084 680 1135 Valentiam,
696 1084 860 1125 Catalauniam
875 1087 983 1125 extensae

81 1163 143 1198 mint.

135 1230 264 1283 inquisitor
276 1231 371 1282 speciali
382 1231 478 1276 consilio
490 1232 519 1272 ad
531 1231 691 1272 diiudicandus
704 1231 874 1282 appellationes
886 1232 983 1272 minoris

80 1304 189 1345 momenti
203 1306 326 1357 gaudebat.
342 1305 403 1346 Dum
417 1304 466 1357 ipse
480 1304 663 1345 iurisdictionem
677 1317 692 1345 a·
706 1305 799 1346 Sunnno
815 1306 929 1346 Pontificc
944 1306 984 1346 ha-

81 1380 155 1428 hebat,
169 1377 205 1419 sui
215 1378 335 1419 adiutores
346 1390 361 1418 a
371 1377 475 1420 consiliis
485 1379 514 1418 ab
525 1377 576 1429 ipso
588 1378 663 1429 quoad
674 1378 800 1418 facultates
812 1378 980 1430 dependebant

80 1452 111 1492 Hi
126 1451 255 1492 consiliarii
269 1452 347 1497 etiam.
363 1453 463 1492 sednon
478 1451 594 1502 primarie,
611 1451 674 1492 velut
689 1451 803 1492 officiales
819 1453 896 1493 status
912 1463 980 1501 agno-

40 1524 41 1527 ’
80 1526 210 1581 scetantur.
232 1524 296 1565 Licet
316 1525 405 1576 primus
424 1524 549 1577 inquisitor
569 1524 682 1576 generalis
704 1525 802 1565 'ihomas
823 1525 979 1577 torquentum

79 1599 108 1639 ab
122 1593 317 1650 historir'rgraphis
331 1598 391 1640 sicut
405 1610 419 1638 a
435 1597 500 1639 Sixto
515 1599 549 1639 IV
563 1598 644 1638 laudes
658 1598 749 1648 meruit,
764 1600 844 1638 tamen
859 1598 982 1650 inquisitio

79 1671 103 1711 in
113 1670 229 1723 Hispania
238 1673 280 1712 sub
290 1671 430 1720 charactere,
441 1683 506 1722 quem
516 1683 543 1712 ex
552 1670 696 1712 immixtione
706 1671 830 1722 potestatis
841 1671 917 1713 civilis
928 1672 982 1713 inde

79 1746 108 1786 ab
125 1756 186 1785 anno
203 1746 257 1785 1480
274 1748 413 1796 assumebat,
427 1740 502 1798 'etiam
520 1747 600 1796 postea
618 1746 793 1801 <letinebatur³⁰.

232 1898 241 1948 ξ
258 1894 293 1937 36.
309 1894 390 1937 Merita
407 1894 435 1937 cle
452 1896 557 1937 societate
573 1893 674 1936 civiliet
693 1894 721 1936 de
740 1894 832 1937 artibus.

114 2007 116 2012 Ι
133 2024 290 2066 llinisterium
306 2027 429 2078 apostolici
446 2026 535 2067 ordinis
551 2026 647 2074 servitia
665 2025 771 2066 societati
788 2026 849 2067 cirili
868 2029 891 2066 et
908 2027 980 2066 actio-

76 2098 100 2138 ni
112 2099 193 2139 sociali
204 2101 331 2141 eminenter
343 2101 444 2142 tritine.
459 2102 486 2141 In
499 2101 594 2151 spetiali
606 2113 647 2152 pro
660 2102 746 2151 epocha
756 2100 827 2141 medii
839 2102 889 2141 aeri
902 2100 980 2141 lulius-

77 2174 139 2214 modi
157 2174 252 2220 servitia
270 2188 284 2215 a
302 2176 416 2216 fratribus
435 2174 637 2215 Praedicatoribus
656 2172 771 2224 praestita
789 2172 933 2215 considerari
953 2173 980 2214 li·

77 2249 113 2288 cet
126 2246 189 2288 velut
202 2248 397 2295 confessariorum
410 2259 437 2288 ac
451 2247 636 2289 consiliariorum
650 2246 713 2297 apud
728 2246 852 2298 principes.
870 2247 904 2287 vel
920 2247 979 2299 lega-

75 2324 151 2362 torum
168 2321 193 2361 in
209 2322 450 2374 gratiampotestatis
467 2321 541 2363 civilis
559 2321 595 2362 vei
611 2322 731 2362 auctorum
749 2320 814 2372 pacis
832 2322 980 2372 stipulandae

77 2395 138 2435 inter
151 2393 250 2444 populos
263 2397 305 2434 aut
319 2395 433 2436 factiones
447 2395 482 2436 vel
497 2395 681 2445 instauraturum
697 2405 791 2445 operum
807 2378 980 2434 misericordiae

78 2467 197 2519 utriusque
213 2469 249 2507 rel
265 2468 436 2509 moderatorum
452 2471 558 2509 coetmnn
575 2466 710 2518 specialium
728 2456 846 2507 laicalium
864 2466 889 2506 in
907 2466 980 2508 subsi-

78 2542 141 2582 dium
152 2540 275 2581 Ecclesiae.

132 2613 244 2655 Franciae
257 2617 330 2664 reges²
345 2615 478 2656 continuam
492 2617 540 2655 fere
554 2615 635 2667 seriem
649 2614 843 2655 confessariorum
857 2626 885 2655 ex
898 2613 980 2654 fratri-

76 2693 118 2732 bus
129 2688 317 2731 Praedicatorum
329 2689 470 2740 delegerunt.
484 2690 523 2730 Ita
534 2691 556 2731 S.
570 2689 699 2730 Liuiorieus
711 2689 741 2728 IX
752 2701 792 2740 per
804 2700 877 2729 annos
889 2689 916 2728 22
928 2701 980 2730 con-

77 2764 187 2806 scientiae
201 2755 344 2803 moderatore
357 2764 380 2802 et
395 2763 483 2803 arbitro
498 2763 624 2804 Godefridc
639 2762 667 2804 de
681 2761 792 2803 Beaulieu
808 2773 865 2812 usus
879 2763 921 2813 est,
930 2765 977 2814 ,qni
1042 2770 1044 2774 ·

74 2851 126 2881 eum
137 2838 162 2879 in
173 2837 295 2880 itineribus
307 2835 376 2876 etiam
388 2836 498 2879 cruciatis
511 2837 643 2878 fidelissime
655 2848 751 2889 sequens
763 2838 793 2877 ad
805 2837 902 2877 mortem
914 2847 978 2887 qnare-

74 2901 184 2966 patrie,
201 2913 255 2953 dnm
270 2909 391 2960 li'hilippus
406 2909 506 2950 Pulcher
521 2911 643 2962 praecipue
658 2910 779 2952 Nicolaum
796 2912 824 2952 de
839 2911 939 2952 Gor-ham
955 2911 977 2949 et

74 2990 195 3030 Nicolaum
210 2989 237 3029 de
250 2983 381 3026 iuraretur
394 2983 506 3036 aliosquel
521 2999 534 3027 a
549 2986 732 3027 confessionibus
746 2985 860 3027 adhilniit.
877 2983 977 3035 Reginae
