2101 3187
326 78 430 113 Provincia
447 78 580 113 Lomburdiae
598 78 705 119 superioris
928 81 970 126 213

116 207 144 247 In
157 205 281 249 schismate
294 205 428 248 occidentali
442 206 563 257 provincia
576 206 729 249 dividebatur.
744 210 878 263 Iterumque
891 213 919 253 ob
932 225 969 254 nc-

62 292 105 321 xus
122 280 218 321 intimas
236 293 287 323 cnm
305 282 371 322 domo
389 281 499 323 Sabauda
516 281 586 324 unica
603 280 675 322 fuisse
692 292 719 322 ex
737 283 825 325 nostris
842 284 969 337 provinciis

63 353 162 408 videtur,
175 366 232 407 quae
243 355 268 396 in
279 355 401 397 schismate
413 354 542 396 Basilecnsi
553 366 594 407 per
605 355 732 396 Amadeum
744 353 876 399 sabaudiae
887 354 968 400 causa-
999 403 1001 410 ,

63 430 120 482 tum,
139 430 218 480 partos
236 427 395 470 schismaticas
412 427 502 469 habuit.
522 428 586 470 Tunc
603 427 746 481 provinciam
764 429 888 483 Philippus
906 432 968 473 Bar-'¹
989 410 995 441 χ’

20 515 22 519 ’
63 501 131 543 donio
144 504 168 543 et
180 502 279 544 Thomas
293 501 426 553 Scaravelli,
440 503 559 553 professor
572 500 733 544 universitatis
746 502 905 557 hauniensis,
921 502 968 546 mo·
982 532 983 537 .

63 574 212 617 delabantur.
908 610 909 613 ,
941 589 943 592 ·

118 648 144 691 Si
162 642 283 701 provincia
302 649 356 690 haec
375 661 426 690 cum
445 648 543 690 ducibus
562 649 694 692 sabaudiae
711 649 862 693 habitudines
881 652 968 694 multas

62 722 166 776 strinxit,
179 721 205 764 id
217 724 259 764 sub
271 722 362 764 ratione
374 721 499 764 ministerii
511 723 572 764 sacri
583 723 647 765 fecit.
662 723 781 776 intrepide
794 727 818 766 et
830 724 920 777 egregie
932 736 968 767 ve-

60 796 143 840 ritates
156 801 181 840 et
194 797 247 839 iura
261 797 377 839 licclesiae
391 797 521 850 proposuit,
536 798 670 852 inculcarit,
687 798 798 851 defendit,
815 797 862 841 sire
877 801 965 852 praedi?

62 870 153 913 catione
166 882 245 912 coram
258 870 363 913 fidelibus
377 871 412 912 vel
424 870 558 912 infidelibus
572 872 619 913 sine
632 870 783 923 inquisitione
798 856 967 914 haereticorum

60 945 95 987 vel
105 945 299 988 adversariorum.
313 946 360 987 Sub
370 944 500 998 patrocinio
512 947 535 988 S.
548 947 613 994 Petri
624 946 735 1005 Martyris
745 946 897 999 inquisitores
908 948 967 988 varii

60 1021 156 1060 mortem
169 1018 294 1066 uiolentam
308 1019 420 1060 obierunt.
436 1020 502 1060 Inter
514 1020 686 1072 praedicatores
699 1020 844 1062 Venturinus
859 1020 968 1062 Cerasclo

61 1093 221 1147 Hergonrensis
234 1096 262 1136 ob
276 1095 348 1135 zelum
361 1093 444 1136 salutis
457 1094 587 1136 animarum
600 1091 646 1135 non
660 1095 706 1135 iam
718 1095 818 1148 fervens,
834 1095 874 1135 sed
886 1096 967 1136 furens

61 1167 217 1209 nominandus
230 1167 339 1208 occurrit.
354 1167 399 1217 (1111
412 1170 435 1208 01
449 1166 559 1219 spiritum
572 1166 772 1209 missicnariorum
786 1166 811 1207 in
826 1165 967 1208 sesentiens

63 1240 167 1292 Smyrnis
181 1242 288 1282 mortuus
301 1244 343 1282 est.
359 1241 408 1282 Alii
421 1241 452 1282 ad
465 1240 547 1293 plagas
561 1240 684 1283 orientales
699 1240 845 1282 discedentes
859 1240 966 1289 societati

60 1315 262 1368 Peregrinautium
276 1318 371 1368 propter
385 1315 503 1357 Christum
518 1315 679 1368 adhaeserunt,
694 1327 712 1356 e.
728 1327 749 1369 g.
766 1317 867 1358 Ioannes
881 1316 910 1357 de
923 1317 967 1357 Ga-

59 1389 221 1444 lonifontibus,
234 1390 273 1442 qui
284 1389 349 1442 prius
360 1389 480 1442 episcopus
492 1385 660 1431 Naxinanensis
671 1389 794 1432 Armeniae
803 1392 828 1431 et
837 1391 920 1442 postea
930 1401 966 1430 ar-

60 1462 219 1515 chiepiscopus
239 1463 394 1505 Sultaniensis
412 1463 504 1505 exstitit
524 1464 602 1516 (1402).

116 1536 142 1579 Si
160 1538 187 1578 de
203 1536 351 1589 praesulibus
367 1549 440 1579 sermo
457 1540 501 1588 est,
520 1535 647 1578 Aicardum
664 1535 796 1577 Antimiani
812 1535 966 1589 archiepisco-

59 1624 113 1662 pum
128 1612 322 1653 Mediolanensem
337 1612 442 1653 omittere
456 1623 503 1652 11011
517 1611 607 1661 debent,
623 1611 662 1662 qui
675 1612 771 1663 propter
785 1610 858 1651 animi
871 1610 965 1652 fortitu-

60 1685 135 1727 dinem
149 1688 173 1727 et
186 1686 342 1727 constantiam
355 1697 396 1738 per
409 1686 527 1727 dominum
540 1684 643 1727 civitatis
657 1685 711 1727 1318
724 1684 749 1726 in
763 1685 871 1727 exsilium
884 1686 967 1738 pulsus

58 1759 112 1800 fnit.

113 1834 183 1875 Docti
199 1834 285 1875 fratres
302 1845 390 1885 semper
405 1834 430 1874 in
447 1833 490 1875 hac
506 1833 599 1885 regione
616 1832 704 1875 ordinis
721 1832 907 1886 enutriebantnr,
927 1835 966 1885 qul

60 1908 140 1958 postea
158 1918 211 1948 cum
228 1906 314 1948 honore
331 1906 454 1948 cathedras
472 1904 650 1947 universitarias
668 1906 784 1947 tenebant.
805 1905 908 1947 Laudem
927 1906 966 1947 do-

46 1971 148 2022 ctrinae
163 1980 208 2023 sibi
223 1982 388 2033 compararunt
403 1981 524 2022 (ionradns
540 1980 567 2021 de
583 1980 707 2022 Mondonio
723 1980 831 2022 Asiensis
849 1982 875 2039 (†
892 1981 965 2029 14101,

58 2054 165 2106 magistri
179 2053 337 2107 disputatione
350 2067 426 2096 coram
438 2054 481 2096 Pio
495 2055 521 2095 II
535 2055 563 2096 de
576 2055 661 2096 unione
674 2053 794 2106 sanguinis
807 2053 897 2096 Christi
911 2054 966 2095 rica

59 2126 171 2169 instituta
189 2128 282 2180 famosi,
301 2127 446 2169 Vercellinus
464 2126 631 2175 vercellensis,
647 2125 740 2168 Gabriel
759 2123 906 2179 (iassafages,
927 2126 965 2167 Ia-

59 2202 129 2243 cobus
143 2200 281 2253 Brixiensis,
297 2201 407 2243 silvester
421 2199 536 2242 Mazolino
549 2200 660 2251 Pricrias,
676 2199 715 2252 qui
728 2200 757 2241 ab
772 2211 834 2245 anno
848 2199 904 2242 1515
918 2211 966 2241 ma-

59 2274 133 2328 gister
148 2275 171 2316 S.
189 2275 279 2316 Palatii
295 2286 336 2317 suo
352 2275 455 2327 tempore
471 2274 550 2315 votum
567 2273 635 2315 dere
651 2272 786 2314 Lutherana
802 2273 859 2315 dare
875 2272 969 2315 debuit

59 2350 103 2390 Res
122 2347 284 2390 observantiae
301 2348 414 2401 regularis
432 2347 459 2389 in
476 2346 585 2399 partibus
604 2345 736 2399 provinciae
755 2346 908 2388 Lcmbardiae
927 2358 965 2387 su-

59 2420 158 2474 perioris
173 2422 301 2462 assertores
316 2433 411 2474 magnos
426 2422 497 2462 nacta
513 2421 555 2461 est.
573 2419 696 2472 Praecipui
711 2420 782 2473 beati,
801 2431 859 2472 quae
875 2421 904 2462 ab
921 2420 964 2461 hac

57 2495 177 2549 provincia
193 2497 341 2549 venerantur,
358 2494 533 2549 congregationi
550 2496 689 2537 reformatae
705 2495 860 2537 lombardicae
878 2494 965 2536 adscri-

59 2570 179 2611 bebantur.

114 2645 150 2684 Ex
167 2640 393 2693 commorationibus,
413 2654 470 2694 quas
489 2642 512 2684 S.
533 2641 668 2683 Dominicus
686 2641 758 2682 variis
775 2640 921 2694 temporibus
938 2640 963 2681 in

58 2719 137 2759 centro
151 2713 318 2757 catholicitatis
332 2716 516 2756 111110110111011103
529 2716 620 2769 agebat,
636 2714 726 2757 collecti
740 2713 874 2767 aspirantes
887 2715 917 2756 ad
931 2713 964 2756 vi-

58 2793 106 2832 tam
120 2789 208 2831 ordinis
221 2787 410 2829 Praedicatorum
422 2788 447 2829 in
460 2788 577 2841 principio
590 2801 604 2830 a
616 2782 740 2830 fundatore
753 2788 885 2829 Bononiam
898 2788 963 2830 missi

59 2866 120 2905 sunt.
136 2864 190 2904 Mox
203 2862 273 2904 etiam
285 2862 370 2902 iratres
384 2860 478 2913 quiidam
491 2862 629 2904 transitorie
642 2862 703 2914 apud
717 2862 740 2904 S.
756 2862 850 2904 Sirium
863 2864 962 2904 veterem

58 2936 172 2989 hospitati
185 2937 282 2977 fuerunt
294 2933 364 2976 donec
378 2937 505 2976 conventus
519 2936 543 2977 S.
559 2935 658 2978 Sabinae
672 2935 705 2977 eis
718 2936 789 2977 datus
803 2935 842 2977 sit.
859 2935 925 2977 Senis
939 2937 963 2975 et

56 3012 190 3054 Florentiae
203 3011 292 3053 tinente
305 3010 328 3051 S.
343 3008 464 3050 Dominico
476 3010 627 3052 fundationes
642 3013 798 3063 surrexerant,
812 3010 914 3052 forsitan
927 3010 961 3050 rel
