2188 3178
86 71 127 113 100
415 70 461 104 Vita
478 72 497 104 ot
515 70 567 106 actio
585 69 661 104 ordinis

87 197 163 253 licium
179 196 283 240 divinum
298 197 455 239 celebraturos
470 198 596 239 secundum
612 197 680 239 illum
695 196 774 251 ritum,
792 208 857 249 quem
873 197 993 250 hucusque

53 304 55 308 .
87 272 206 313 observare
222 274 390 312 consueverant
406 271 452 313 sive
469 270 628 312 dioecesanum
646 272 694 313 slve
709 271 781 313 alium
799 270 931 324 quemlibet,
945 272 991 319 hoc

87 356 164 387 tamen
175 347 244 396 pacto
256 356 285 385 ne
298 344 504 387 consuetudinibus
516 345 620 397 propriis
632 345 781 387 ecclesiarum
794 344 886 385 omuino
899 346 992 386 contra-

87 420 148 461 irent
167 430 238 471 neque
257 419 357 471 proinde
377 419 481 461 fidelibus
501 419 607 460 scandali
627 422 669 461 aut
689 417 851 461 admirationis
871 421 990 459 0110111113.

87 494 212 545 Postquam
224 504 278 535 vero
290 493 377 535 fratres
390 492 477 534 ordinis
490 492 589 533 recentis
602 505 644 545 per
657 495 734 535 orbem
747 493 823 545 sparsi
835 491 882 541 alii
890 491 991 533 aliarum

77 566 233 621 ,ecclesiarum
242 567 304 610 ritus
314 568 388 609 secuti
396 568 458 619 sunt,
470 565 607 608 universalis
618 567 720 608 varietas
730 570 753 609 01
762 564 918 618 discrepantia
928 565 992 606 inter

86 642 171 683 fratrer
182 641 360 683 Praedicatores
371 640 395 681 in
407 640 483 686 officio
494 640 605 692 liturgico
617 641 736 693 apparuit
750 643 782 683 Ut
795 641 890 682 dedecus
902 641 991 681 010011-

85 715 147 757 fusio
160 716 293 757 huiusmodi
306 718 382 757 status
395 715 482 756 multae
495 714 618 755 varietatis
631 714 755 766 vitaretur,
769 716 837 756 rerba
851 716 905 755 sunt
919 713 991 765 magi-

85 789 275 841 11111111111110111,
290 803 301 829 1
311 788 464 841 compilatum·
474 788 521 829 11111
533 800 605 829 unum
618 787 722 829 officium
734 790 829 840 propter
842 785 992 830 uniformita-

86 867 133 905 tem
143 859 271 905 habendam
284 862 367 915 ubique
378 865 407 903 uf.
420 863 505 904 Utrum
517 862 573 903 haec
585 861 707 903 unificatio
719 863 749 902 ad
760 861 836 914 ipsura
849 863 872 903 S.
886 860 991 902 Domini-

86 950 138 979 cum
149 939 184 979 vel
196 938 226 979 ad
238 939 265 978 B.
280 937 407 979 Iordanum
420 938 506 990 redeat,
520 939 665 989 corripertum
677 950 724 979 non
737 939 841 980 liabetur.
858 952 869 978 s
880 938 990 980 Officium

86 1024 138 1053 vero
153 1011 311 1064 compilatum,
327 1011 439 1064 primaevi
452 1011 528 1059 nostri
542 1011 604 1052 ritus
619 1014 800 1064 monumentum,
816 1012 846 1053 ad
860 1024 903 1054 nos
918 1023 991 1064 usque

86 1086 223 1137 pervenisse,
235 1085 300 1126 salvo
311 1086 405 1126 meliore
417 1085 510 1138 iudicio,
523 1097 566 1137 pro
578 1089 641 1126 certo
653 1098 700 1127 nou
712 1087 821 1127 lmbcruus
831 1100 850 1126 11.
865 1086 929 1126 1111111
941 1087 990 1126 1110-

78 1159 192 1209 ⁴riarium,
203 1172 219 1201 a
229 1160 253 1201 S.
265 1159 387 1201 Dominico
398 1159 493 1212 dictum,
505 1171 554 1201 rem
564 1171 611 1200 non
622 1159 752 1201 dilucidare
762 1162 845 1212 potest.
859 1160 907 1201 Sub
918 1160 990 1212 magi-

86 1234 157 1275 sterio
167 1234 194 1274 B.
206 1233 303 1275 Iordani
313 1233 447 1286 compilatio
458 1236 554 1285 peracta
563 1232 665 1274 forsitan
676 1233 741 1274 111115.
754 1234 790 1280 ild
801 1233 885 1275 calcem
898 1232 989 1285 quidem

66 1348 67 1351 ,
85 1307 279 1349 constitutionum
298 1307 383 1359 prioris
402 1307 543 1349 redactionis
561 1309 672 1348 notatur:
696 1322 706 1347 11
718 1308 800 1349 'lotum
818 1306 921 1348 officium
940 1309 989 1347 tam

85 1384 223 1423 nocturnum
239 1392 308 1433 quam
324 1381 433 1422 diurnum
448 1381 611 1422 confirmamus
627 1383 651 1422 et
666 1382 772 1422 volumus
787 1379 936 1422 uniformiter
951 1381 990 1422 ob-

84 1455 171 1497 servari
179 1455 284 1508 itaquod
293 1456 354 1496 nulli
363 1455 432 1497 liceat
442 1456 469 1496 110
478 1458 553 1496 cetero
563 1454 653 1507 aliquid
662 1454 772 1496 innovare
783 1468 802 1496 11.
813 1455 847 1495 De
856 1464 901 1507 qua
909 1455 989 1495 auteur

77 1529 216 1572 vredactione
231 1529 342 1582 liturgica
357 1529 394 1570 bic
408 1541 482 1571 sermo
496 1529 523 1581 it,
539 1528 604 1582 patri
618 1528 712 1570 Denifle
726 1540 772 1570 non
786 1529 886 1574 constat.
903 1527 991 1569 Proba·

80 1604 155 1646 bilius
166 1606 202 1645 est
214 1603 352 1655 posterioris
363 1604 420 1644 anni
431 1603 551 1644 cuiusdam
564 1605 587 1644 et
599 1602 661 1643 falso
674 1603 723 1643 loco
736 1603 766 1643 ad
778 1602 862 1644 calcem
875 1600 990 1643 constitu-

85 1678 174 1719 tionum
186 1678 243 1719 anni
255 1679 310 1720 1228
322 1677 404 1719 addita
416 1677 556 1719 annotatioss,

140 1756 216 1808 Atque
225 1768 253 1796 ex
262 1755 409 1797 ordinatione
418 1756 460 1798 illa
469 1756 568 1808 capituli
577 1758 693 1810 generalis
703 1769 763 1799 anno
772 1758 826 1800 1233
834 1770 839 1797 ι
853 1771 864 1797 1
875 1757 990 1799 Volumus

85 1829 206 1871 1111011111
218 1830 258 1882 qni
271 1832 362 1872 tantam
375 1831 495 1883 pecuniam
507 1831 594 1873 babent
607 1834 634 1872 ut
646 1831 730 1873 solutis
743 1831 844 1881 vestibus
856 1830 949 1884 possint
961 1831 989 1871 de

84 1903 126 1945 illa
144 1915 217 1946 emere
236 1904 332 1946 bibliam
351 1907 374 1946 et
392 1904 530 1946 breviarium
550 1905 610 1957 quod
629 1917 657 1946 ex
675 1917 702 1946 ea
721 1906 748 1946 de
766 1905 858 1946 residuo
877 1906 989 1946 01111111117

84 1978 190 2019 concludi
202 1978 310 2020 absolute
322 1990 367 2019 non
382 1981 466 2031 potest,
480 1979 667 2020 uniformitatem
676 1978 754 2036 *officii
766 1982 820 2020 ante
833 1989 921 2020 annum
934 1978 990 2020 1233

83 2054 200 2103 peractam
217 2052 299 2093 fuisse.

138 2127 247 2168 Officium
258 2139 303 2179 quo
314 2129 400 2169 fratres
411 2128 500 2170 ordinis
510 2130 703 2171 Praedicatorum
713 2142 784 2183 usque
795 2130 825 2172 ad
835 2142 922 2172 annum
933 2131 990 2172 1244

85 2201 210 2242 utebantur
230 2201 333 2244 numeris
354 2201 460 2250 omuibus
480 2203 575 2245 minime
595 2204 729 2246 absolutum
750 2203 906 2246 emendationi
926 2206 989 2247 subi-

83 2266 188 2316 ciendum
200 2278 259 2317 erat.
274 2277 330 2318 Ideo
342 2288 403 2318 anno
415 2278 470 2317 1244
482 2278 608 2319 mandatur
620 2278 646 2318 in
658 2277 762 2330 capitulo
775 2277 923 2329 Bononiensi,
939 2283 988 2320 1111

84 2349 219 2391 definitores
241 2350 347 2401 proximo
368 2350 484 2403 sequentis
506 2351 606 2403 capituli
627 2350 743 2403 generalis
763 2363 805 2403 pro
826 2354 989 2394 concordando

84 2423 167 2476 officio,
182 2426 279 2476 portent
292 2436 368 2466 secum
382 2426 412 2465 ad
426 2424 513 2466 dictum
527 2425 658 2476 capitulum
673 2437 750 2466 omues
764 2425 868 2468 rubricas
883 2429 907 2468 et
920 2428 988 2467 notu-

85 2497 119 2539 las
134 2497 242 2539 bretiarii
256 2497 366 2539 nocturni
380 2500 403 2539 et
418 2498 495 2540 diurni
510 2502 540 2541 et
548 2497 670 2552 gradualis
685 2501 708 2539 et
723 2498 823 2542 missalis
833 2502 862 2541 u⁸.
880 2501 912 2542 nt
926 2499 989 2552 capl-

84 2571 159 2612 tulum
173 2571 311 2614 Coloniense
325 2573 382 2613 anni
396 2573 450 2614 1245
465 2572 581 2615 commisit
598 2586 608 2612 1
620 2574 720 2624 quatuor
735 2573 848 2615 fratribus
863 2575 986 2624 Francius,

84 2644 188 2697 Anglfae,
202 2645 355 2687 Lombardiae
368 2648 392 2687 01
404 2646 530 2688 'teutoniae
543 2646 605 2698 quod
618 2647 707 2687 stantes
720 2646 745 2686 in
758 2647 824 2689 domo
838 2647 988 2698 1111110111οΠ-

83 2718 104 2759 si
114 2718 216 2759 officium
226 2718 400 2762 nocturnum'ct
411 2720 520 2761 diurnum
530 2722 580 2761 tarn
591 2718 616 2759 in
627 2719 708 2761 littera
719 2704 786 2772 quam
797 2721 821 2761 in
832 2724 904 2761 cautu
915 2720 938 2759 et
950 2730 988 2759 ru-

83 2792 153 2834 bricis
170 2793 290 2844 corrigant
308 2797 332 2835 et
350 2794 489 2836 concordent
507 2805 535 2835 ac
554 2793 658 2835 defectus
677 2795 807 2846 suppleant,
828 2805 880 2835 cum
899 2794 989 2844 quanto

82 2866 173 2919 possint
190 2866 312 2918 dispendio
330 2867 418 2910 minore
435 2870 459 2909 et
476 2867 574 2919 quilibet
592 2867 763 2918 praedictorum
781 2869 881 2919 quatuor
899 2867 999 2908 afferat

82 2944 130 2983 tam
146 2939 256 2982 diurnum
273 2952 341 2992 quam
356 2943 496 2983 nocturnum
512 2940 615 2982 officium
632 2953 708 2983 secum
724 2944 752 2984 de
768 2939 887 2993 provincia
904 2952 947 2981 sua
963 2943 986 2982 et

83 3015 135 3057 ’1100
149 3014 305 3067 provinciales
318 3017 450 3067 procurent.
466 3015 497 3056 nt
510 3015 559 3057 siut
572 3014 597 3056 in
610 3016 671 3058 festo
685 3014 791 3068 Remigii.
807 3015 838 3055 nt
851 3014 872 3056 si
886 3014 925 3066 qui
939 3026 986 3057 non
