2188 3178
78 110 121 150 224
405 111 498 147 nvoiuuo
513 114 665 153 provinciarum

134 239 227 291 Absque
244 238 340 290 speciali
357 238 611 296 regiminesuperiore,
629 247 657 285 ut
673 243 764 285 videtur
780 244 875 286 tunde-ti
892 258 987 288 conven-

78 314 118 354 tus
132 311 255 353 Bohemiae
268 314 292 354 et
305 313 430 370 Moraviae,
444 314 507 356 inter
519 314 643 368 1228!ssOE
656 317 787 373 provinciae
800 318 910 360 Poloniae
924 321 986 362 nnio

80 386 173 426 bantur.
187 386 220 427 At
232 385 321 438 pluries
332 387 466 430 visitatores
479 390 502 430 et
514 388 597 430 vicarii
609 390 712 432 nationis
725 389 869 444 germanicae
880 392 940 434 hanc
953 392 986 434 di-

80 457 167 501 tionem
180 458 269 502 ordinis
281 460 317 501 vel
330 462 491 515 gubernabant
503 464 539 504 vei
551 462 711 516 inspexerunt,
724 466 751 505 ut
763 464 875 506 Albertus
887 466 987 518 Magnus

79 536 102 576 et
116 535 272 577 Ekkehartus.
288 536 356 579 Anno
370 538 425 578 1301
438 537 589 580 conventibus
603 539 726 582 Bohemiae
740 542 763 581 et
777 540 893 582 lloraviae
907 553 986 593 expro-

80 606 188 650 vincialis
205 608 317 651 Poloniae
336 609 446 651 Dislavus
464 611 528 651 velut
547 610 648 654 vicarius
667 612 813 665 praepositus
832 609 937 665 apparet.

136 681 203 723 Siout
218 683 297 725 bullae
312 685 407 736 papales
422 681 620 727 introductionem
636 686 737 727 fratrum
753 685 943 728 Praedicatorum
960 686 985 727 in

80 755 121 797 has
137 756 243 807 regiones
259 758 482 809 commendaverant,
500 757 535 799 ita
550 760 633 810 postea
647 760 773 802 Pontifices
787 760 857 801 bullis
874 759 922 802 suis
938 761 986 802 ira·
1006 776 1008 782 .

80 831 129 871 tres
143 831 174 871 ad
189 831 480 873 strenuam-defensionem
496 834 519 873 et
535 833 691 874 extensionem
708 819 823 875 Ecclesiae
839 845 879 886 per
895 834 987 886 praedi·
1044 862 1045 865 =

79 905 195 947 rationem
213 890 365 959 multiplicem
382 895 505 959 praecipue
523 908 599 949 erucis
617 912 698 951 contra
716 912 794 962 gentes
812 908 899 950 vicinas
917 921 985 961 paga

80 989 123 1020 nas
144 980 167 1019 et
187 981 269 1020 contra
289 975 536 1021 Turoas'excitarunt.
559 981 617 1022 Oum
638 980 727 1022 haeresi
747 983 824 1022 autem
838 980 869 1021 'in
890 981 985 1033 propria

80 1054 145 1094 terra
162 1053 277 1094 iratribus
295 1065 331 1094 res
349 1055 372 1094 et
389 1053 525 1095 colluctatio
544 1053 636 1106 saepius
654 1058 712 1106 erat,
733 1057 759 1096 ut
776 1067 871 1096 munera
882 1054 986 1107 inquisi-

79 1128 158 1168 torum
173 1128 196 1167 et
211 1126 326 1178 martyria
341 1128 449 1179 probant.
468 1128 578 1180 Tempore
593 1127 771 1171 insurrectionis
788 1128 938 1171 Hnssitarum
953 1129 984 1170 ad

79 1202 120 1243 300
132 1202 219 1242 iratres
231 1201 256 1241 in
268 1200 346 1242 odium
360 1200 413 1242 fidei
425 1201 560 1254 interempti
573 1204 635 1243 sunt.
650 1202 790 1244 Huiusmodi
802 1202 909 1244 victimae
921 1203 988 1244 locos

81 1286 163 1316 vacuos
178 1274 203 1314 in
219 1274 370 1317 conventibus
386 1275 537 1328 reliquerunt.
556 1277 586 1317 ut
602 1275 623 1318 si
638 1276 756 1328 cogitatur
772 1277 799 1317 de
815 1277 897 1317 damno
914 1276 984 1317 etiam

79 1360 120 1400 per
133 1351 220 1401 pestem
234 1349 327 1401 saepius
341 1339 485 1402 grassantem
499 1349 525 1390 in
539 1348 645 1391 domibus
657 1349 818 1401 religiosorum
832 1351 935 1402 causato,
950 1350 986 1390 in-

79 1434 149 1475 super
163 1423 191 1464 de
205 1422 341 1464 calamitate
356 1422 411 1465 belli
426 1423 578 1464 Hussitarnm
594 1422 628 1463 nil
643 1422 727 1463 mirum
743 1422 763 1463 si
779 1425 854 1468 status
870 1424 984 1476 regularis

76 1498 210 1550 provinciae
223 1498 347 1540 Bohemiae
358 1498 383 1539 in
396 1498 472 1550 prima
484 1498 608 1540 medietate
622 1497 708 1539 saeculi
720 1499 759 1539 XV
772 1500 904 1551 languebat.
919 1501 987 1541 Post..

44 1580 46 1584 '
77 1584 145 1624 quam
157 1572 294 1624 imperatori
307 1571 455 1625 Sigismundo
467 1573 557 1625 Pragae
569 1574 645 1614 status
658 1572 780 1614 Bohemiae
794 1585 816 1613 se
829 1572 982 1626 subiecerunt,

77 1659 114 1688 res
130 1646 253 1700 religiosae
270 1649 293 1688 et
309 1646 427 1699 regulares
444 1647 589 1689 efflorescere
606 1648 722 1699 poteraut.
741 1647 762 1687 A
778 1646 854 1688 vicino
871 1650 983 1689 conventu

76 1720 205 1762 Viennensi
215 1720 351 1762 reformatio
362 1721 393 1762 ad
403 1723 529 1763 conventus
541 1721 692 1774 Bruneusem,
705 1720 878 1773 Budvicensem,
892 1720 983 1761 Olomu.

77 1806 166 1837 oensem
177 1793 281 1846 aliosque
291 1795 465 1836 extendebatur.
477 1794 625 1837 Probabilius
636 1796 663 1836 ut
673 1795 764 1837 fruetus
775 1793 948 1836 reformationis
959 1794 983 1834 in

76 1868 200 1910 Bohemiae
213 1872 235 1910 et
248 1868 365 1909 Moraviae
377 1867 482 1910 domibus
495 1871 626 1911 servaretur
638 1870 673 1911 vel
685 1871 713 1911 ut
724 1870 849 1911 conventus
862 1870 983 1910 reformati

78 1941 222 1983 obedientiae
237 1940 387 1993 provincialis
403 1941 526 1983 Bohemiae
541 1942 702 1994 subderentur,
718 1941 773 1982 1487
788 1940 813 1981 in
828 1939 931 1992 capitulo
946 1952 985 1993 ge-

76 2016 152 2058 nerali
162 2017 255 2067 petente
266 1998 405 2067 provinciali
416 2014 540 2056 Bohemiae
551 2017 677 2057 conventus
690 2027 717 2056 ex
728 2014 770 2056 illa
781 2013 913 2066 provinciae
925 2015 982 2055 Teu-

76 2089 155 2131 toniae
166 2092 242 2142 parte,
256 2100 314 2141 quae
325 2090 452 2130 vocabatur
464 2088 541 2141 portio
553 2088 673 2130 inferioris
686 2087 807 2140 Bavariae,
820 2099 900 2140 nempe
912 2087 983 2131 Vien-

76 2165 162 2217 nensis,
188 2164 317 2206 Oremensis
332 2166 356 2205 et
371 2162 420 2216 alii,
437 2175 452 2204 a
466 2163 581 2206 Teutonia
596 2164 671 2205 avulsi
687 2164 748 2204 sunt.
766 2163 913 2204 declamante
928 2174 981 2204 vero

76 2238 215 2290 provinciali
231 2237 366 2295 Teutoniae,
384 2237 422 2279 eui
438 2236 566 2289 imperator
583 2235 726 2278 adiutorium
743 2233 869 2287 praestitit,
888 2235 912 2275 hi
928 2222 983 2276 con--

76 2314 159 2354 ventus
177 2312 263 2353 iterum
283 2323 338 2352 suae
356 2310 450 2352 nativae
469 2311 602 2362 provinciae
621 2307 747 2350 l'eutoniae
762 2313 807 2361 'per
826 2308 915 2350 ordinis
934 2321 983 2350 ma·-

76 2385 176 2438 gistrum
190 2385 315 2426 restitutae
329 2386 433 2426 inerunt.
451 2384 526 2426 Iulius
543 2383 638 2425 111505
654 2382 721 2433 plura
736 2369 858 2435 priiilegia
872 2382 983 2424 Bohemis

75 2460 190 2500 iratribus
203 2459 296 2500 tribuit.

230 2612 239 2663 ἓ
254 2610 292 2651 42:
307 2608 439 2651 Provinciae
455 2606 586 2655 Teutoniaa
601 2604 716 2655 saxoniae,
732 2605 822 2649 Daciae.

130 2740 253 2781 Provincia
263 2740 404 2782 recreatae
421 2751 469 2780 una
484 2751 511 2780 ex
527 2737 671 2790 primigeniis
687 2737 775 2780 ordinis
792 2736 920 2779 ditionibus
937 2737 982 2777 sub

73 2818 97 2859 S.
118 2814 239 2856 Dominieo
257 2815 384 2867 designatis
403 2814 427 2855 in
445 2816 547 2870 tempore
566 2811 659 2854 rnaioris
677 2812 818 2855 extensionis
836 2810 979 2863 amplissima

71 2888 194 2942 provincia
207 2888 306 2948 exstitit,
321 2889 456 2941 pertingens
469 2899 484 2928 a
497 2887 614 2930 flandrica
627 2886 850 2944 eivitateBrugensi
863 2896 935 2937 usque
949 2885 986 2926 ad

72 2963 191 3006 civitatem
204 2960 315 3003 Austriae
327 2962 449 3014 Viennam,
464 2961 545 3003 etalio
558 2974 626 3003 sensu
639 2974 653 3004 a
664 2964 728 3018 terra
741 2957 860 3002 anicensi
876 2957 980 3010 (Zirioht

73 3049 145 3089 usque
158 3036 188 3081 ad
201 3034 350 3075 Liibecenses.
818 3034 820 3037 ’
