2188 3097
83 47 98 86 2
110 84 124 100 A,
177 59 180 67 ·
459 44 553 79 Ilvolntio
565 46 664 85 generans

84 177 134 219 loco
151 181 218 231 patre
235 178 311 219 Felice
328 180 403 220 matre
421 172 473 220 vero
490 180 581 220 Icauna
598 179 743 233 Dominicus,
762 181 853 225 ordinis
870 185 994 229 Praedica-

84 253 162 302 torum
179 253 225 293 dux
241 254 265 292 et
280 254 347 304 pater
363 257 467 306 tuturus,
484 251 510 293 iu
526 253 601 294 lucem
617 252 694 295 editus
711 256 754 296 est.
773 255 875 298 Nomina
891 258 993 302 fratrum
1054 282 1056 285 >

83 325 135 366 eius
154 326 267 367 maiorum
286 328 345 367 natu
363 327 409 368 duo
428 329 607 379 cognoscuntur,
628 339 710 379 nempe
729 328 828 371 Antonii
848 333 872 373 et
890 332 992 377 Mannis.

85 400 121 441 Ex
137 400 219 452 quibus
234 399 275 441 ille
291 399 399 455 sacerdos
413 401 492 442 iactus
508 399 636 452 hospitium
652 412 782 453 pauperum
799 406 881 456 postea
897 405 992 456 direxit.

83 473 140 515 dum
153 474 198 515 iste
212 473 274 515 circa
287 475 342 516 1215
355 474 466 521 instituto
481 474 590 527 religioso
604 474 641 516 sui
654 474 740 518 fratris
753 476 825 519 etiam
840 480 948 523 sacerdos
961 483 994 523 01-

84 548 160 589 tectus
176 559 200 588 se
215 546 315 588 addixit.
333 549 395 589 Dum
411 548 503 600 antiqui
519 548 642 600 biographi
659 549 682 590 S.
701 549 819 592 Dominici
836 553 994 598 characterem

84 620 170 663 nobilis
183 620 234 663 eius
248 621 346 674 originis
360 633 406 664 non
421 624 530 674 tangunt,
546 621 571 661 in
586 621 686 663 saeculis
700 605 871 674 posterioribus
884 627 951 669 Felix
966 642 994 671 ex

84 694 159 746 stirpe
179 695 350 736 Gusmanorum
370 698 393 737 et
414 697 503 737 Icauna
523 708 551 737 ex
570 695 663 737 familia
683 695 711 737 de
731 697 780 739 Aua
800 701 940 751 processisse
960 702 994 743 di-

84 771 179 810 cuntur.
198 769 291 810 >Nomen
312 769 401 826 iutanti
422 769 558 822 impositum
579 771 615 810 est
636 768 762 823 Dominici‚
784 783 799 813 a
821 773 845 815 S.
868 775 991 818 Dominico

83 844 169 888 abbate
197 842 312 884 Exilicnsi
329 845 457 896 sumptum,
487 844 517 885 ad
546 842 612 884 cuius
642 842 789 895 sepulchrum
809 847 900 889 Icauna
919 851 994 891 mater

84 928 216 968 praegnans
232 916 443 969 peregrinationem
458 918 564 958 feceras.

142 990 267 1043 Praesagia
282 992 327 1032 duo
341 991 442 1032 infantis
456 990 542 1032 orituri
556 990 699 1032 incunabula
714 991 809 1044 eiusque
824 993 897 1035 vitam
911 997 935 1036 01
949 996 995 1038 vir·

85 1067 161 1106 tutem
179 1064 345 1106 collustrantia
363 1065 434 1106 missa
452 1065 528 1105 tacere
547 1076 594 1105 nou
614 1064 728 1106 debemus.
749 1065 855 1109 Primum
874 1068 994 1111 chronolo-

84 1138 135 1191 gice
149 1141 178 1194 ab
192 1139 327 1181 auctoribus
341 1138 396 1181 inde
409 1151 424 1181 a
437 1139 529 1180 saeculo
544 1140 603 1180 XIII
618 1138 651 1180 stc
666 1142 786 1183 narratur.
805 1141 903 1186 «Mater
918 1142 994 1195 011110-

86 1225 155 1266 quam
169 1214 246 1265 ipsum
261 1213 426 1265 conciperet...
444 1213 504 1255 vidit
520 1213 647 1255 insomnis
663 1225 687 1255 se
703 1215 808 1255 catulum
824 1218 953 1274 gestantem
969 1218 994 1258 in

69 1289 161 1337 utero,
179 1287 298 1328 ardentem
314 1287 416 1329 faculam
434 1286 577 1328 baiulantem
594 1287 619 1333 in
636 1299 683 1340 ore,
702 1288 742 1339 qui
758 1300 864 1341 egressus
881 1302 909 1331 ex
927 1292 994 1333 utero

84 1364 160 1402 totam
177 1360 257 1402 mundi
273 1361 356 1402 taciem
373 1360 544 1403 inflammabat.
563 1362 592 1402 In
609 1373 653 1414 quo
670 1360 726 1413 quid
743 1363 812 1403 detur
828 1361 940 1416 intelligi*
955 1376 994 1406 ne-

84 1447 122 1475 mo
138 1435 178 1486 qui
192 1435 377 1487 praedicatorem
392 1436 418 1475 in
432 1434 519 1487 catulo,
535 1434 560 1474 in
576 1435 673 1476 ardente
687 1447 741 1477 vero
756 1436 837 1477 iacula
853 1436 957 1478 divinum
973 1449 994 1478 e·
1012 1462 1014 1466 .

84 1509 188 1561 loquium
203 1520 271 1550 sacra
285 1511 414 1549 attestante
429 1507 555 1560 scriptura,
571 1506 689 1561 designari
704 1510 851 1562 recordatur,
863 1509 992 1562 ignorato³⁸

30 1631 31 1634 Ἴ
84 1583 192 1624 Alterum
210 1581 370 1634 chronologice
386 1594 401 1623 a
418 1583 520 1623 Iordane
537 1581 584 1623 iam
601 1583 716 1623 retertur:
737 1594 819 1635 nempe
837 1584 865 1625 de
882 1583 951 1625 stella
968 1584 994 1624 in

84 1658 163 1698 fronte
176 1656 269 1708 parvuli
282 1669 296 1698 a
311 1658 359 1698 Deo
373 1656 471 1698 caelitus
485 1658 587 1707 ostensa,
603 1657 657 1698 dum
673 1656 811 1699 Dominicus
824 1657 992 1709 baptizaretur.

86 1729 222 1772 Dominicus
238 1743 249 1768 «
259 1730 306 1770 tuit
321 1731 350 1771 ab
365 1729 424 1782 Ipsis
437 1729 560 1771 cunabulis
575 1729 661 1773 indolis
677 1730 743 1771 valde
758 1732 832 1772 bonae
846 1733 870 1772 et
885 1730 932 1772 iam
947 1742 994 1772 ma-

83 1816 156 1856 guum
176 1803 266 1855 aliquid
285 1803 385 1856 insIgnIs
405 1803 584 1855 praeconizabat
604 1802 715 1855 infantia,
738 1804 799 1856 quod
819 1804 927 1845 futurum
947 1816 994 1845 ma-

84 1878 174 1920 turiore
194 1879 378 1929 praestolaretur
397 1880 475 1919 aetate
486 1878 517 1918 »4.
529 1879 595 1918 vPost
615 1877 770 1919 eruditionem
790 1877 815 1918 in
835 1877 936 1919 ioculari
955 1878 994 1919 do-

85 1950 181 1993 mestico
197 1954 321 2003 receptam,
338 1962 400 1992 anno
415 1949 502 1992 0010110
519 1950 616 2003 septimo
633 1950 769 1993 commissus
785 1953 821 1994 est
838 1962 994 1993 0110001011-

83 2026 133 2067 culi
148 2026 185 2067 sui
201 2024 397 2078 archipresbyteri
412 2025 437 2065 in
452 2025 502 2066 loco
518 2025 610 2066 Gom-iel
626 2027 654 2066 de
670 2027 735 2078 Izan,
752 2028 779 2067 ut
795 2025 915 2067 elementis
931 2024 994 2066 litte-

85 2111 166 2140 raruru
182 2099 325 2140 imbueretur
341 2101 364 2139 et
380 2099 405 2139 iu
421 2097 531 2139 exercitio
548 2098 646 2150 pietatIs
661 2099 792 2150 proficeret.
884 2097 886 2099 ’

142 2173 179 2213 Ad
195 2171 331 2223 ampliorem
347 2172 520 2224 formationem,
539 2173 593 2213 dum
611 2174 691 2224 aperte
708 2174 739 2214 ad
756 2172 887 2214 clericalem
905 2173 994 2231 statum

84 2245 215 2299 aspirabat,
234 2246 365 2287 Palentiam
382 2245 433 2297 ivit,
452 2245 492 2286 ubi
508 2246 589 2287 schola
606 2246 749 2289 cathedralis
765 2244 939 2288 bonihominis
957 2257 994 2286 ex-

85 2320 193 2373 sistebat,
210 2322 237 2360 ut
252 2319 285 2361 ibi
300 2319 407 2361 liberales
423 2319 534 2361 scientias
550 2319 687 2360 addisceret.
706 2321 753 2362 Eas
769 2321 861 2361 demum
877 2330 929 2360 cum
945 2319 994 2359 the·
1017 2376 1019 2379 Ι

85 2394 177 2446 ologiae
194 2385 396 2436 studiomutavit.
416 2387 535 2435 Maturum
554 2385 601 2435 iam
618 2394 694 2436 virum
712 2395 736 2436 in
755 2393 885 2436 christiana
904 2394 953 2445 lege
970 2405 994 2433 01

85 2468 217 2520 practicam
237 2467 371 2509 Dominicus
392 2468 489 2509 studens
508 2467 629 2509 Palentiae
649 2480 673 2509 se
693 2467 842 2519 monstravit
863 2479 915 2509 cum
936 2478 995 2518 opus

85 2542 146 2583 illud
166 2541 274 2583 caritatis
294 2541 447 2582 sublevandae
466 2541 578 2593 egestatis
596 2541 757 2582 famelicorum
777 2554 819 2594 per
838 2539 994 2583 venditionem

85 2616 201 2657 librorum
223 2614 267 2655 sibi
289 2615 471 2656 necessariorum
493 2629 504 2655 c
516 2627 568 2656 011111
590 2615 652 2655 omni
674 2615 816 2666 supellectili
838 2626 902 2656 sua»
924 2623 990 2663 prae-

84 2690 163 2731 buerit
181 2689 205 2729 in
223 2689 352 2740 exemplum
371 2702 381 2728 c
392 2688 492 2730 aliorum
511 2689 670 2741 theologorum
689 2690 712 2729 et
731 2689 928 2742 magistrorum».
948 2685 993 2726 1110

85 2766 189 2815 tempore
207 2762 328 2814 episeopus
347 2762 483 2804 Oxomcnsis
501 2762 618 2803 Martinus
636 2763 716 2803 Bauan
735 2761 865 2815 capitulum
884 2769 940 2800 suae
958 2770 994 2800 oa-

84 2837 201 2879 thedralis
216 2836 326 2878 ecclesiae
342 2836 468 2877 reformare
485 2836 549 2876 etin
566 2835 697 2886 capitulum
713 2834 857 2889 regularium
874 2831 994 2874 canonico·
1026 2872 1027 2875 ,

57 2911 58 2914 ’
86 2923 138 2952 rum
155 2911 297 2969 constituere
315 2911 380 2950 ratus
398 2912 440 2951 est.
461 2911 526 2950 Inter
543 2909 605 2950 viros
623 2909 793 2951 ecclesiasticos
811 2919 867 2958 quos
885 2907 916 2947 ad
933 2917 994 2946 eum-

83 2986 138 3027 dem
156 2985 223 3025 finem
240 2984 341 3025 attraxit
359 2984 452 3036 quidam
470 2982 575 3024 Didacus
591 2983 619 3023 de
637 2984 724 3024 Acebes
741 2981 865 3029 eminebat,
885 2979 924 3031 qui
942 2991 995 3021 mox
