2188 3178
39 69 80 111 112
368 40 416 105 vna
432 70 452 104 et
470 70 522 104 actio
539 70 615 104 ordinis

39 199 135 239 tabat³⁰.
157 199 189 240 Et
208 199 353 241 Hnmbertus
372 200 512 251 profundam
532 198 697 241 inclinatonem
718 198 768 240 fieri
788 211 864 241 coram
885 200 943 242 alta-

40 284 65 314 re
80 273 155 314 maius
170 274 238 314 notat
254 286 265 313 (1
276 275 373 325 propter
387 273 498 325 reliquias
513 274 536 315 et
551 274 664 327 imagines
678 275 779 326 sanctas,
796 286 854 326 quae
869 275 944 317 solent

40 348 77 388 vel
91 347 159 388 iuxta
174 359 230 400 esse,
247 342 346 389 maxime
361 350 439 389 autem
455 349 550 400 propter
566 360 649 401 corpus
665 346 765 400 Domini,
783 349 843 400 quod
858 347 944 391 ibidem

41 423 148 462 servatur
159 422 198 461 »³1.

96 495 179 545 Quoad
191 495 369 546 celebrationem
383 496 474 537 saeculo
486 496 545 537 XIII
558 496 652 538 minime
664 497 689 537 in
702 508 782 549 genere
795 496 945 548 quotidianus

41 580 106 610 sacer
119 568 181 610 ritus
195 581 209 610 a
223 569 340 618 iratribus
352 569 511 611 sacerdotibus
526 569 602 611 fiebat.
619 572 653 612 De
666 570 716 623 ipso
732 571 755 612 S.
772 570 858 611 Ehoma
872 571 900 612 de
914 570 944 611 A·

41 643 111 695 quino
122 642 217 696 dicitur,
230 645 291 696 qnod
301 657 312 684 (1
324 642 422 696 singulis
433 643 539 693 diebus...
551 642 646 685 missam
657 656 726 686 unam
737 643 863 690 celebraret
872 643 944 685 aliam

41 716 135 758 audiret
151 717 187 759 vel
203 718 261 758 duas
277 717 368 770 integre
383 716 466 759 missas
482 716 503 758 si
518 728 564 758 non
581 717 718 761 celebrasset
735 716 826 759 audiret
837 718 877 758 »³2.
896 716 945 758 Ali-

41 802 87 843 qua
106 791 211 843 capitula
230 790 403 843 provinciarum
422 804 460 834 cos
479 790 519 843 qui
537 803 584 833 non
603 793 682 833 crebro
701 792 848 834 celebrabant
867 791 944 832 horta-

42 866 136 916 bantur,
155 867 182 906 ut
199 864 262 907 circa
279 866 423 918 frequentem
441 864 617 907 celebrationem
636 865 732 907 solliciti
749 865 785 907 sin
798 867 823 906 ³³.
843 866 879 908 Ex
896 876 944 906 ver-

42 941 109 992 gente
122 939 198 981 medio
211 949 266 981 aevo
279 951 335 981 usus
349 939 452 991 quotidie
465 938 594 980 celebrandi
610 940 756 991 supponitur.
771 941 817 981 Pro
830 939 944 981 iratribus

42 1025 89 1055 non
101 1013 273 1055 celebrantibus
286 1013 336 1054 dies
347 1012 514 1054 communionis
526 1012 613 1054 statuti
625 1014 719 1054 1111114.
734 1013 845 1065 Exempla
857 1014 880 1054 et
894 1025 945 1054 san-

42 1087 143 1129 ctissimi
155 1087 265 1129 desiderii
277 1087 419 1140 suscipiendi
431 1098 514 1139 corpus
527 1085 622 1127 Domini
634 1089 658 1127 et
669 1074 834 1139 frequentioris
846 1098 945 1128 commn-

42 1161 121 1202 nionis
131 1162 194 1214 apud
204 1161 295 1202 animas
306 1159 416 1212 mysticas
427 1162 559 1201 occurrunt.
573 1160 727 1214 Elkehartus,
740 1160 831 1212 Eauler,
843 1161 871 1202 B.
883 1160 945 1201 Hen-

43 1234 105 1277 ricus
123 1235 190 1286 Snso,
208 1235 232 1277 S.
249 1236 327 1287 Agnes
343 1234 370 1275 (11
387 1233 588 1286 Montepolitiano,
607 1234 636 1275 S..
649 1233 777 1275 Gatharina
793 1245 835 1286 pro
851 1234 893 1275 hoc
910 1245 945 1274 as-

43 1310 139 1350 serendo
161 1307 236 1350 verbis
258 1310 281 1349 et
301 1307 370 1360 praxi
390 1307 452 1349 inter
473 1298 532 1349 alios
553 1307 709 1348 adducuntur.
733 1300 944 1349 Contraternitates

42 1382 177 1424 rosarianae
187 1382 240 1424 dein
250 1382 339 1434 cultum
349 1381 528 1423 eucharisticum
538 1381 563 1421 in
574 1381 664 1422 saeculo
674 1381 714 1422 XV
723 1382 865 1422 auxerunt³⁵.

98 1456 182 1498 Merito
197 1456 254 1498 ordo
269 1455 460 1497 Praedicatorum
475 1456 503 1496 de
518 1454 629 1504 doctrinav
639 1444 682 1496 sua
696 1453 759 1503 circa
773 1454 946 1495 Eucharistiam

42 1530 165 1583 gloriatur.
186 1531 214 1571 Β.
233 1530 344 1572 Albertus
362 1530 461 1582 Magnus
478 1530 538 1581 teste
556 1529 675 1570 Bernardo
694 1527 761 1569 cuin
778 1527 803 1568 in
822 1528 866 1569 fine
884 1526 946 1568 vitae

20 1629 23 1635 ·
43 1617 98 1647 suae
111 1604 139 1646 de
152 1603 266 1646 sacrificio
279 1603 363 1645 missac
375 1605 399 1645 et
411 1604 439 1645 de
452 1601 601 1644 Eucharistia
614 1601 709 1653 scripsit
722 1601 846 1653 profitens:
864 1614 874 1641 1(
885 1600 945 1650 Quia

43 1679 71 1720 de
85 1679 236 1720 Sacramenta
249 1677 333 1719 altaris
347 1677 422 1719 multa
435 1678 499 1729 sunt,
514 1688 572 1728 quae
585 1675 707 1728 specialem
721 1675 807 1717 habent
820 1674 946 1716 difficulta-

43 1755 98 1804 tem,
112 1751 164 1793 ideo
178 1751 234 1793 haec
247 1752 277 1793 ad
291 1751 358 1792 finem
372 1750 539 1792 reservavimus
552 1751 579 1790 ut
592 1761 644 1790 cum
658 1748 778 1790 devotione
792 1751 815 1790 et
829 1747 946 1790 subtilita-

43 1829 67 1868 te
84 1827 115 1868 ad
132 1826 189 1868 haec
206 1826 332 1867 tractanda
349 1836 483 1866 vacaremus
494 1838 513 1864 ».
534 1824 557 1865 S.
578 1823 676 1864 Thomas
695 1823 722 1863 de
740 1821 832 1874 Aquino
850 1832 946 1873 prorsus

43 1900 125 1942 doctor
137 1906 161 1943 et
173 1903 257 1943 cantor
269 1900 437 1943 eucharisticus
450 1901 530 1943 evasit.

98 1975 225 2027 Postquam
246 1975 269 2017 S.
290 1975 389 2016 Thomas
409 1975 554 2027 quaestiones
574 1977 601 2017 de
620 1977 764 2017 sacramento
784 1974 946 2017 Eucharistiae

42 2049 109 2101 plene
122 2049 256 2101 explicavit,
271 2048 351 2089 nuntii
365 2048 525 2090 dissolutionis
539 2061 594 2090 suae
607 2048 726 2090 terrestris
740 2049 889 2090 advenerunt.
907 2049 946 2090 So-

42 2122 128 2164 lemnia
140 2123 197 2164 haec
209 2124 278 2164 verba
290 2122 380 2164 iaciens
392 2124 447 2164 ante
460 2122 628 2175 susceptionem
641 2122 722 2164 viatici
734 2135 747 2164 e
759 2121 808 2163 vita
821 2121 942 2175 migravit:

43 2197 115 2249 «Ego
129 2197 157 2238 de
171 2196 218 2239 isto
233 2195 392 2238 sacratissimo
407 2196 560 2249 corpore‘Dei
575 2198 598 2238 et
613 2195 707 2238 Domini
722 2195 797 2237 nostri
812 2197 865 2238 Iesu
880 2195 946 2238 01111-

42 2270 73 2312 sti
87 2272 111 2311 et
123 2269 177 2311 aliis
191 2269 343 2312 sacramentis
356 2270 431 2312 multa
444 2270 519 2322 docui,
534 2270 608 2311 multa
621 2268 749 2322 conscripsi
761 2268 786 2309 in
800 2269 844 2311 fide
857 2269 946 2312 Ohristi

43 2344 97 2385 lesu
110 2345 133 2385 et
146 2345 241 2385 sanctae
253 2345 371 2385 Romanae
383 2343 507 2396 Ecclesiae,
522 2342 588 2385 cuius
601 2341 739 2385 correctioni
752 2344 835 2384 cuncta
848 2342 944 2388 subicio.

42 2419 127 2458 cunota
141 2420 229 2469 expono
240 2419 280 2459 ³³³⁷.
296 2418 328 2461 Et
341 2417 462 2470 magnifice
475 2418 620 2469 approbatus
632 2417 679 2467 est,
691 2415 745 2467 quia
758 2415 807 2458 eius
821 2416 896 2459 verbis
910 2428 946 2458 co·

43 2490 182 2534 mitantibns
198 2491 272 2532 omnis
288 2490 350 2532 ritus
366 2490 428 2532 circa
444 2490 547 2532 divinam
563 2488 728 2531 eucharistiam
744 2489 768 2530 in
785 2489 889 2532 Ecclesia
905 2501 946 2541 per

42 2564 136 2605 saecula
149 2565 270 2618 peragitur
283 2567 306 2606 et
319 2564 457 2606 celebratur.

101 2639 136 2680 nd
151 2639 237 2679 testum
254 2638 359 2692 corporis
375 2638 463 2680 Christi
479 2638 504 2678 in
521 2636 613 2690 regione
630 2636 750 2679 Leodiensi
766 2640 789 2679 et
806 2637 887 2679 deinde
905 2646 946 2687 per

42 2711 171 2753 Ecclesiam
181 2712 310 2754 babendum
320 2713 389 2765 Hugo
400 2724 414 2753 a
425 2713 448 2754 S.
461 2712 521 2753 Oaro
531 2710 631 2763 primum
641 2710 704 2752 velut
713 2710 863 2763 provincialis
873 2710 946 2750 Fran-

41 2785 100 2837 ciae‚
116 2787 140 2826 et
154 2787 234 2837 postea
248 2788 367 2838 tamquam
381 2784 509 2827 cardinalis
524 2784 615 2836 legatus
629 2784 723 2826 summis
737 2783 862 2826 industriis
876 2782 946 2824 colla-

42 2858 162 2901 boravit³³.
182 2858 287 2911 Aquinas
304 2871 357 2901 vero
377 2873 388 2899 (1
399 2860 427 2900 (11
445 2857 556 2899 mandato
574 2857 662 2901 Urbani
681 2859 736 2900 IV»
756 2856 859 2899 officium
877 2854 946 2897 mira-

41 2934 88 2976 bile
98 2932 162 2974 tanti
172 2932 229 2974 testi
240 2932 358 2984 composui
371 2935 396 2973 ³⁹.
409 2933 508 2973 Demum
518 2943 579 2973 anno
590 2931 644 2973 1451
656 2930 783 2985 pontificiis
793 2929 945 2983 indulgentiis

41 3007 119 3049 ditata
128 3009 164 3048 est
173 3005 356 3048 confraternitas
366 3006 407 3048 SS.
420 3004 565 3047 Sacramenti
573 3005 598 3046 in
607 3007 719 3047 conventu
731 3002 878 3046 Cremonensi
888 3002 945 3045 exsi-
