2188 3178
45 89 85 129 110
372 88 419 124 Vita
436 90 456 123 et
474 89 526 123 actio
544 90 620 123 ordinis

44 230 85 263 nes
105 219 267 271 Vercellensis,
289 231 368 261 verum
390 220 460 262 etiam
482 219 612 273 capitulum
634 222 739 275 generale
760 222 815 264 1278
836 223 950 267 fratribus

43 296 168 349 imposuit:
189 311 200 337 c
211 298 271 349 quod
288 299 477 350 quandocumque
493 310 576 340 nomen
594 299 687 342 Domini
704 301 757 341 Iesu
771 299 862 343 Christi
878 302 951 344 nomi-

45 375 114 414 netur
130 383 208 414 omnes
225 373 313 414 fratres
330 373 444 416 inclinent
461 359 541 430 capita
558 387 601 417 sua
618 378 713 429 propter
730 375 883 418 reverentiam
893 389 951 420 cru-

45 447 108 488 cifixi
119 449 148 488 01,
166 448 201 488 Ex
217 447 259 489 hoc
274 450 378 502 tempore
394 448 484 491 devotio
500 448 654 501 particularis
668 463 721 492 mox
735 449 761 491 in
775 451 950 494 fraternitatem

45 533 178 563 excrescens
194 521 582 575 Ρ1001110010101111010001011οη
599 525 653 574 Iesu
670 524 805 567 derivatum.

100 596 183 638 Oultor
198 595 300 649 insignis
315 596 471 638 amantissimi
487 597 590 640 nominis
606 599 660 640 Iesu
677 601 700 641 et
716 600 858 652 propagator
874 599 950 642 cuius-
1005 633 1007 636 v

45 671 98 712 dam
118 670 279 713 fraternitatis
298 670 323 711 in
343 670 413 712 huius
433 670 543 712 honorem
564 671 592 713 B.
614 672 730 716 Henricus
752 673 810 715 Suro
834 673 950 726 (videatur
1001 662 1002 665 ¹

44 744 232 787 amoenissimum
244 745 373 797 capitulum
385 745 412 787 48
424 745 475 787 eius
486 745 556 797 vitae)
571 746 671 801 exstitit,
686 748 740 789 dum
752 747 872 799 seraphion
884 747 949 801 virgo

45 818 154 865 Senensis
170 818 272 861 eiusdem
287 818 338 861 aevi
353 819 376 860 vi
392 818 535 861 sanctissimi
550 818 651 862 nominis
668 821 722 863 Iesu
737 820 851 863 actionem
867 833 895 863 ac
911 821 949 864 lit-

43 895 107 934 teras
123 905 178 935 suas
193 893 250 934 mire
265 892 412 934 roboravitffl.
430 893 499 935 Poesi
516 906 527 933 1
538 893 634 934 laudum
645 907 656 933 »
674 896 727 936 Iesu
743 895 770 936 Β.
789 896 887 939 Ioannes
904 896 949 937 Do-

44 967 125 1010 minici
137 967 280 1018 eminebatss,
295 967 349 1008 dum
363 968 387 1009 S.
402 966 541 1010 Vincentius
554 967 649 1019 populis
661 968 705 1009 illa
717 970 786 1011 verba
800 982 811 1009 1(
822 969 949 1011 sanctifice-

44 1043 85 1082 tur
101 1053 184 1082 nomen
201 1043 268 1082 tuum
279 1054 289 1081 b
309 1040 435 1082 serenitate
453 1052 496 1083 sua
514 1030 649 1093 exposcite}
669 1043 698 1083 In
717 1042 846 1085 Germania
860 1045 949 1095 septen-

44 1114 142 1156 trionali
160 1116 183 1156 et
201 1114 312 1156 inferiore
332 1114 411 1167 plures
429 1114 593 1156 fraternitates
613 1114 638 1155 111
657 1115 828 1158 venerationem
848 1116 948 1158 nominis

44 1190 98 1230 Iesu
113 1187 255 1230 constitutae
271 1189 313 1230 sub
329 1188 488 1230 moderatione
503 1189 605 1230 fratrum
621 1188 813 1231 Praedicatorum
828 1190 901 1232 fuisse
916 1190 949 1232 vi-

43 1263 135 1305 dentur.
148 1262 195 1304 Illa
205 1273 277 1314 prope
287 1264 426 1304 conventum
438 1262 603 1305 Seehusensem
614 1262 639 1303 in
651 1262 755 1305 Saxonis
765 1265 842 1306 erecta
853 1276 894 1316 per
905 1265 948 1306 Βο-

42 1336 153 1378 nifatium
170 1337 200 1378 IX
217 1336 254 1378 die
270 1337 297 1379 31
313 1336 416 1379 octobris
430 1337 486 1378 1401
502 1336 656 1389 indulgentiis
673 1335 791 1379 ditatur²³.
810 1337 948 1390 Ulyssipone

42 1412 105 1464 apud
121 1411 248 1453 Lusitanos
263 1411 319 1453 1432
334 1410 475 1452 fraternitas
493 1411 534 1453 SS.
553 1409 661 1452 Nominis
676 1409 789 1452 instituta
805 1410 946 1464 perhibetur,

42 1487 111 1538 quam
131 1486 238 1527 Andreas
249 1484 308 1525 Dian
319 1484 454 1526 calamitate
465 1483 538 1537 pestis
550 1483 651 1526 erexit²t
665 1483 744 1526 Etiam
756 1486 819 1537 apud
830 1485 949 1537 Hispanos

41 1559 98 1600 haec
111 1558 203 1601 devotio
216 1558 365 1600 invenitur-1⁵.
380 1559 409 1599 In
424 1557 497 1599 Italia
510 1557 616 1610 Raphael
629 1558 657 1599 de
671 1557 784 1599 Pornasio
802 1559 828 1617 (†
843 1559 905 1611 1465)
921 1559 949 1600 de

42 1632 135 1674 nomine
148 1634 203 1674 Iesu
217 1631 340 1684 scripura
447 1628 448 1631 ’
905 1633 907 1636 ’

98 1706 196 1748 Devotio
210 1706 326 1758 passionis
342 1706 472 1748 Salvatoris
487 1706 563 1747 nostri
578 1707 607 1747 ab
622 1704 692 1747 initio
708 1705 785 1747 ordini
800 1706 949 1748 Praedicato-
971 1756 973 1759 y

42 1794 94 1822 rum
107 1780 225 1822 naturalis
237 1780 292 1833 fuit,
306 1792 358 1821 cum
372 1781 449 1822 Iesum
463 1779 583 1822 Christum
596 1781 620 1821 et
633 1780 694 1821 hunc
707 1779 843 1821 crucifixum
857 1780 947 1831 praedi·
1009 1790 1010 1793 ’

41 1867 94 1897 care
111 1854 233 1896 debuerint
249 1865 345 1906 eumque
362 1855 417 1896 ante
432 1852 631 1906 praedicationem
647 1852 800 1906 contemplati
815 1852 865 1894 sint
881 1854 905 1895 01
921 1851 947 1894 in

41 1928 262 1971 mortificationibus
276 1929 307 1970 ad
321 1930 413 1970 modum
428 1940 495 1969 sunm
510 1926 626 1969 imitati¹⁷.
643 1928 680 1968 Ex
694 1927 846 1969 meditatione
860 1925 948 1979 passio-

40 2004 77 2045 nis
96 2003 186 2045 Ohristi
203 2003 266 2054 apud
284 2004 373 2044 fratres
390 2001 567 2043 Praedicatores
586 2012 632 2042 non
650 2000 726 2042 solnm
745 1999 849 2052 exempla
867 2000 946 2042 morti-

40 2076 158 2119 ficationis
172 2078 212 2119 sed
226 2076 297 2118 etiam
313 2075 469 2128 expositiones
484 2074 629 2117 clarissimae
643 2074 786 2126 theologicae
801 2075 871 2125 atque
885 2085 948 2116 asce-

40 2151 102 2194 ticae
121 2153 144 2193 et
163 2150 389 2204 repraesentationes
409 2149 497 2191 artium
516 2148 542 2189 in
561 2148 665 2190 ecclesiis
684 2146 879 2200 conventibusque
899 2146 947 2189 sive

40 2237 82 2278 per
96 2227 183 2266 fratres
200 2226 237 2278 (ut
251 2225 363 2265 Ioannem
377 2223 542 2276 Faesulanum)
560 2222 608 2264 sive
622 2233 664 2274 per
679 2219 740 2263 alios
754 2220 855 2263 artifices
871 2220 947 2263 elabo-

40 2302 107 2341 ratae
122 2298 267 2351 prodierunt.
285 2299 336 2339 Imo
352 2297 414 2351 quod
429 2299 466 2338 tot
482 2298 585 2338 membra
601 2294 692 2336 ordinis
707 2293 781 2336 sacris
797 2294 947 2348 stigmatibus

39 2386 67 2415 ex
83 2384 161 2414 amore
177 2372 320 2425 compassivo
336 2370 533 2424 insigniebantur,
551 2368 629 2422 gratia
646 2370 682 2409 est
698 2369 839 2420 profundum
856 2368 945 2410 cultum

39 2447 145 2488 crucifixi
158 2446 349 2488 Praedicatorum
362 2444 513 2487 ostendens1⁸.
528 2443 638 2486 (litentur
651 2452 670 2482 0.
685 2453 706 2494 g.
721 2441 834 2494 expositio
848 2442 871 2485 S.
888 2441 945 2484 Tho-

39 2527 89 2563 mae
101 2522 128 2563 de
140 2521 248 2573 passione
261 2507 383 2572 Dominill,
397 2519 452 2560 illae
465 2519 506 2560 100
518 2515 683 2558 meditationes
696 2515 722 2556 B.
737 2515 834 2558 Henrici
848 2515 946 2558 Susonis

40 2596 67 2637 de
80 2594 187 2647 passione
199 2594 295 2647 Christi,
310 2594 468 2635 memorentur
479 2589 644 2632 meditationes
657 2588 750 2631 Tauleri
762 2591 786 2631 et
799 2582 945 2642 expressione

39 2668 182 2711 fortissimae
195 2668 308 2721 imagines
322 2679 350 2709 ac
364 2667 447 2717 lineae,
463 2665 547 2717 quibus
562 2664 585 2705 S.
602 2662 730 2705 Gatharina
743 2663 858 2716 passionis
873 2661 946 2703 domi-

39 2742 106 2784 nicae
122 2742 233 2793 mysteria
250 2740 391 2792 considerat,
410 2740 446 2782 vel
464 2738 535 2780 etiam
553 2736 738 2789 praedicationes
755 2736 944 2779 concionatorum

14 2835 15 2838 ¹
38 2815 197 2869 paenitentiae
212 2815 298 2856 saeculi
312 2815 351 2856 XV
366 2826 393 2856 ao
407 2811 572 2854 meditationes
587 2809 900 2870 HieronymiRNVSavonarola2⁰
916 2808 946 2850 de

38 2889 111 2936 simili
124 2891 268 2942 argumento.
285 2889 312 2929 B.
328 2888 429 2930 Alvarus
444 2885 599 2928 Cordubensis
614 2885 715 2928 forsitan
729 2884 820 2937 primus
833 2881 888 2935 iuit,
904 2882 945 2934 qui

37 2965 99 3008 viam
113 2962 190 3005 crucis
204 2961 305 3003 erexit21.
