2101 3187
439 80 531 122 Magistri
544 80 646 121 generales
959 81 985 121 69

80 207 182 250 feliciter
200 206 398 249 continuauerat.
420 206 531 249 Memoria
550 205 670 249 Martialis
685 188 803 249 *Auribelli
826 207 853 266 (†
872 207 935 259 1473)
956 208 985 249 ab

80 280 197 333 aliquibus
213 283 320 334 pressa20,
338 293 384 321 non
400 282 489 332 absque·
501 280 654 334 ambiguitate
669 280 695 321 in
710 279 810 323 historia
825 279 955 323 manebit²¹.

299 431 313 488 ξ
336 430 370 473 15.
387 430 487 489 Magistri
503 431 617 489 generales
633 429 792 489 (leta-1507).

134 565 169 604 Ex
187 563 324 616 generalatu
341 562 456 605 Leonardi
473 565 501 605 de
518 562 647 605 Mansuetis
665 562 773 612 Perusini
791 574 874 604 novum
892 564 983 616 tempus

79 639 183 679 statuere
195 636 273 678 varias
286 637 315 678 ob
328 648 410 679 causas
423 636 528 679 internas
542 636 603 679 licet.
619 636 662 678 Vir
676 636 716 678 ille
730 636 820 689 doctus,
835 636 934 689 quinon
949 648 983 678 so-

78 710 126 752 lum
136 723 177 763 per
187 710 273 751 multos
283 713 411 752 conventus
420 710 529 752 lectorem
539 711 594 764 egit,
606 722 685 752 verum
695 709 766 752 etiam
777 712 830 763 post
841 709 982 763 provinciam

80 786 207 827 Romanam
221 786 309 825 rectam
323 785 354 825 ad
368 784 527 837 magisterium
543 786 566 827 S.
582 784 671 826 Palatii
686 786 783 827 vocatus
796 785 839 837 est,
855 786 879 826 et
893 783 984 838 religio-

77 859 115 900 nis
135 860 214 900 custos
234 858 297 899 inter
317 870 391 900 annos
412 858 504 901 relatae
526 871 608 901 munus
630 858 737 911 gubernii
757 858 860 910 supremi
880 858 981 899 fratrum

78 931 270 973 Praedicatorum
286 931 374 985 gessia.
393 934 518 985 Postquam
535 933 622 974 fratres
637 933 738 976 Minores
755 945 770 974 a
787 932 854 974 sixto
871 933 905 973 IV
922 944 982 973 anno

77 1007 132 1047 1472
151 1005 318 1048 relaxationem
337 1006 490 1058 paupertatis
503 1006 670 1059 obtinueranr,
691 1006 728 1047 die
746 1008 759 1047 1
777 1006 831 1047 iulii
849 1007 903 1047 1475
921 1005 982 1048 idem

78 1080 188 1122 Pontifex
203 1079 353 1121 abolitionem
368 1079 526 1121 mendicitatis
541 1086 583 1132 pro
598 1080 679 1121 ordine
694 1079 885 1122 Praedicatorum
900 1080 931 1120 ad
945 1092 982 1133 pe-

78 1154 185 1195 titionem
205 1153 313 1206 magistri
333 1153 449 1196 Leonardi
468 1154 598 1196 concessiti.
620 1155 687 1203 Quod
707 1154 797 1195 iactum
818 1166 926 1207 magnum
947 1156 982 1194 est

77 1221 156 1270 aeram
172 1239 255 1269 noram
271 1228 422 1280 inauguraris.
441 1228 472 1269 Vi
487 1227 557 1268 huius
574 1227 736 1280 dispositionis
752 1229 830 1269 status
846 1229 982 1269 fundamen-

78 1302 133 1345 talis
148 1302 250 1343 fratrum
264 1301 455 1343 Praedicatorum
469 1313 510 1354 per
525 1295 653 1354 respectum
667 1302 697 1343 ad
711 1303 874 1354 paupertatem
889 1302 917 1342 de
931 1300 982 1342 iure

78 1376 203 1417 innovatus
215 1377 257 1427 est,
269 1375 320 1416 iure
330 1375 413 1417 exinde
423 1375 495 1417 factis
505 1375 656 1416 conformato.
669 1377 705 1416 Ex
715 1376 772 1416 tunc
783 1374 919 1428 quicumque
930 1387 983 1416 eon-

80 1451 163 1491 ventus
180 1448 269 1490 ordinis
287 1450 326 1491 ius
343 1449 477 1501 possidendi
495 1451 518 1490 et
536 1451 603 1491 actus
621 1448 772 1501 proprietarii
790 1448 925 1501 perficiendi
944 1450 984 1490 ha,

79 1524 154 1565 bebat.
170 1523 267 1564 Fratres
280 1523 411 1565 mendicare
425 1523 500 1564 adhuc
514 1522 585 1564 libere
599 1524 717 1574 poterant,
733 1524 773 1565 sed
787 1522 822 1571 eis
835 1521 931 1574 insuper
945 1535 982 1563 res

79 1597 225 1638 accumulare
244 1608 286 1648 pro
306 1596 386 1638 diebus
405 1597 495 1639 futuris
513 1596 604 1638 licebat.
626 1596 652 1638 Si
671 1596 718 1637 iam
738 1595 849 1649 magister
869 1595 982 1649 generalis

78 1671 159 1712 Texier
172 1672 201 1712 ab
216 1671 319 1722 Eugenio
334 1671 368 1711 IV
382 1670 501 1712 licentiam
514 1670 617 1712 obtinuit
631 1669 782 1723 dispensandi
796 1672 923 1712 conventus
936 1669 982 1711 sin-

78 1745 145 1797 gulos
158 1747 184 1786 ut
196 1745 351 1796 possessiones
365 1745 476 1786 bonorum
488 1746 512 1786 et
524 1744 641 1785 redituum
654 1744 738 1785 habere
750 1745 852 1797 possent,
866 1755 928 1785 nune
941 1746 983 1786 sub

77 1818 189 1871 magistro
203 1819 231 1860 de
244 1819 374 1861 Mansuetis
387 1820 423 1860 ius
437 1820 569 1863 absolutum
582 1833 597 1862 a
611 1822 675 1874 Papa
689 1821 766 1862 ordini
781 1822 908 1874 reeipiendi
921 1824 981 1864 bona

78 1896 102 1934 et
115 1893 271 1945 possessiones
283 1894 373 1934 iactum
386 1895 428 1935 est.
444 1895 514 1935 Haud
526 1894 679 1947 incongruum
692 1895 784 1937 videtur
797 1896 900 1938 rationes
914 1896 983 1938 hrrius

77 1966 234 2008 concessionis
246 1966 333 2008 allatas
346 1979 374 2008 ex
388 1967 440 2020 ipsa
453 1968 527 2009 bulla4
541 1979 674 2021 excerpere:
693 1982 704 2009 (1
715 1968 770 2010 licet
784 1969 809 2009 in
823 1969 885 2011 dicto
901 1970 981 2011 ordine

77 2040 102 2080 in
122 2052 166 2092 quo
185 2053 270 2093 magna
289 2041 500 2082 eruditissimorum
520 2041 623 2083 virorum
642 2042 741 2085 habetur
760 2042 894 2097 multitudo,
916 2045 982 2085 bene-

78 2113 169 2155 dicente
184 2114 283 2157 Domino
298 2114 352 2157 novi
367 2115 475 2168 palmites
490 2117 637 2158 succrescant
652 2116 676 2156 in
693 2116 742 2158 dies
757 2119 781 2158 et
795 2117 897 2158 fratrum
913 2119 982 2160 Prae·
1019 2105 1021 2110 ’

78 2186 209 2229 dicatorum
225 2200 335 2231 numerus
351 2189 449 2231 ubilibet
465 2191 579 2242 augeatur
594 2192 618 2232 et
633 2189 658 2230 in
674 2192 781 2232 futurum
797 2194 893 2244 propter
910 2182 983 2234 erem-¹
1025 2234 1027 2238 ,

77 2260 166 2312 plarem
178 2261 251 2303 vitam
263 2266 287 2304 et
298 2263 402 2315 ipsorum
414 2263 591 2311 sanctimoniam
604 2264 685 2316 augeri
696 2276 763 2317 posse
776 2267 890 2317 speretur,
900 2262 984 2307 'tamen'

77 2334 173 2385 propter
189 2343 268 2375 eorum
284 2339 448 2389 paupertatem
464 2350 491 2379 ac
507 2339 636 2390 temporum
654 2338 763 2381 sinistros
779 2340 875 2381 eventus
891 2351 918 2380 ac
935 2339 982 2382 cre·

78 2409 131 2449 bras
147 2407 290 2454 afflictiones
306 2411 410 2463 partium
426 2411 569 2454 diversarum
585 2413 635 2453 tum
652 2412 722 2454 etiam
739 2412 793 2465 quia
809 2413 907 2465 tepeseit
923 2413 981 2455 cari-

78 2484 117 2523 tas
134 2480 261 2522 multorum
280 2486 304 2525 et
323 2485 487 2539 eleemosynae,
508 2498 535 2527 ex
556 2486 638 2539 quibus
658 2487 786 2528 sustentari
806 2488 980 2539 consueverant,

77 2558 147 2608 atque
162 2554 210 2596 alia
224 2554 264 2606 pia
279 2557 384 2601 subsidia
400 2561 457 2601 adeo
472 2560 498 2601 in
512 2560 628 2612 plerisque
644 2560 700 2603 loeis
717 2560 833 2602 diminuta
849 2564 905 2604 sunt
921 2561 982 2614 quod

77 2629 135 2682 ipsis
147 2627 262 2670 ‚iratribus
272 2631 296 2670 et
307 2641 386 2671 eorum
399 2633 504 2676 domibus
516 2635 591 2675 multa
603 2634 637 2675 eis
647 2635 778 2676 necessaria
790 2646 858 2687 saepe
871 2634 981 2677 deficiunt

77 2707 100 2745 et
112 2706 161 2745 tam
173 2702 219 2755 ipsi
231 2713 299 2754 quam
311 2704 394 2745 domus
404 2708 428 2747 et
440 2706 491 2748 loca
503 2707 607 2759 ipsorum
619 2707 749 2760 indigentia
761 2709 896 2761 plerumque
908 2708 981 2751 nimia

77 2788 153 2828 00111111
158 2776 268 2843 linuntur.
283 2776 315 2816 Et
327 2775 389 2818 sicut
402 2778 527 2822 didicimus
540 2781 561 2822 si
574 2781 660 2824 eisdem
672 2781 789 2825 fratribus
801 2782 837 2824 vel
850 2794 929 2826 eorum
943 2783 981 2824 do·

77 2851 160 2905 mibus,
176 2852 236 2904 quod
249 2849 274 2890 in
287 2850 403 2891 communi
416 2853 525 2905 proprios
538 2855 628 2897 reditus
643 2858 666 2897 et
680 2858 807 2908 proventus
820 2856 904 2898 habere
918 2855 980 2897 illos-

77 2936 120 2976 que
137 2926 248 2978 perpetuo
266 2923 366 2965 retinere
383 2927 478 2974 possent
495 2929 667 2981 concederetur,
686 2930 794 2971 nonnulli
812 2929 979 2972 Christifideles

67 3010 241 3060 ¹saepenumero
259 2997 423 3050 reperirentur,
444 2999 483 3049 qui
501 2999 586 3041 eisdem
605 3002 710 3044 domibus
730 3006 753 3045 et
771 3003 885 3045 fratribus
898 3002 928 3047 ,in
946 2996 980 3044 eis
