2101 3187
289 73 383 109 Aibertus
400 74 490 115 Magnus
507 75 592 109 Thomas
609 74 697 115 Aquinas
906 79 947 119 139
986 104 989 111 .

42 201 207 253 impedimenta
226 202 395 244 auctoritatum
415 204 496 244 contra
515 202 685 255 philosophiam
705 203 881 246 Δ1110101011001111
901 217 947 246 000-

43 278 160 328 saverunt,
175 276 236 318 sicut
249 279 272 318 01
284 276 405 318 obstacula
418 276 453 317 vel
466 276 529 318 intra
538 276 646 318 ordinem
659 279 742 319 contra
755 278 859 320 studium
873 278 948 331 philo-

42 350 136 403 sophiae
154 350 292 392 exsistentia
309 350 467 402 prementibus
486 349 605 403 magistris
623 350 713 392 eximiis
732 354 844 405 superata
862 355 945 394 sunt12.

43 411 118 465 Duces
133 424 315 477 praeclarissimi
329 427 353 465 01
368 425 472 466 doctores
487 424 684 477 praestantissimi
700 426 740 477 qui
755 426 898 468 christianae
914 427 948 468 rei

43 500 66 539 01
83 498 190 550 religioni
206 500 298 539 tructus
315 497 488 550 copiosissimae
504 501 526 540 et
543 498 683 540 celsissimae
701 499 821 541 doctrinae
838 502 948 552 praebue-

43 574 99 613 runt
113 573 140 614 Β.
157 573 269 614 tilbertus
283 573 310 613 de
325 572 439 613 Bollstatt
454 574 476 613 et
492 574 515 614 S.
532 573 630 615 Thomas
646 573 673 614 de
688 572 781 625 Aquino
797 574 946 616 exstiterunt.

43 647 75 687 Hi
91 659 102 685 11
112 646 233 698 praecipui
246 646 292 687 viri
305 646 330 686 in
345 646 534 699 11111100011111011113
550 647 651 708 theologi
666 647 750 688 summi
765 644 888 689 evaserunt
896 661 901 700 ;
918 649 948 690 si-

43 723 82 761 cut
97 722 120 772 et
134 719 189 761 aliis
202 720 353 761 scientiarum
368 720 461 761 cultura
475 732 570 773 prorsus
585 721 676 773 egregia
692 721 842 763 excellebant.
860 724 947 764 Eorum

43 795 138 835 hortatu
156 794 273 853 versiones
291 794 379 835 latinae
398 806 491 846 operum
510 794 652 846 Aristotelis,
673 806 742 846 quarn
761 796 900 838 Guillelmus
919 797 947 838 110

43 869 162 909 Moerbeke
176 868 280 920 suscepit
295 868 407 920 probatae
422 870 503 910 suntlt.
521 871 554 909 De
570 869 668 910 Alberto
683 869 817 922 Teutonico,
835 882 902 922 quem
918 870 948 911 si-

43 942 158 994 gniferum
175 942 344 984 Aristotelisrni
360 942 483 984 christiani
500 943 618 984 nominare
636 942 698 995 licet,
717 956 826 985 coaevum
843 944 947 986 testimo-

41 1016 106 1057 nium
120 1017 202 1057 habet:
220 1016 464 1068 11010111111101010100,
479 1000 633 1058 Avicennaet
647 1019 760 1059 averroes
775 1018 908 1071 allegantur
922 1018 947 1059 in

43 1091 127 1132 scholis
142 1090 175 1131 sic
189 1093 212 1132 01
226 1090 276 1143 ipse
290 1093 313 1131 01
327 1091 402 1132 adhuc
416 1090 473 1132 vivit
488 1093 510 1131 et
524 1091 606 1132 habuit
620 1091 644 1131 in
660 1091 710 1132 vita
724 1104 766 1133 sua
780 1093 947 1133 auctoritatem

43 1151 103 1216 quod
119 1176 244 1216 numquam
260 1165 327 1206 1101110
343 1164 425 1206 habuit
441 1164 466 1205 111
483 1165 639 1206 1100111110115.
657 1167 693 1206 Ex
710 1177 792 1217 genere
808 1166 947 1207 militarium

42 1239 67 1279 in
82 1239 178 1280 Sueviae
191 1239 298 1290 partibus
312 1241 390 1291 natus,
406 1240 504 1279 mentem
517 1239 688 1290 apertissimam
702 1240 805 1280 omnium
819 1252 897 1281 rerum
911 1253 947 1281 ra-

43 1313 117 1354 tiones
133 1325 269 1365 cognoscere
286 1312 460 1364 cupidissimam
476 1319 499 1354 et
515 1314 583 1354 rebus
598 1313 748 1355 naturalibus
765 1316 789 1355 et
805 1314 947 1366 philosophi-

42 1387 77 1430 cis
86 1387 228 1439 applicabat.
242 1387 381 1438 Eruditione
392 1390 459 1428 vasta
470 1389 553 1428 auctus
563 1399 604 1439 per
616 1388 743 1428 Iordanum
756 1386 783 1429 de
796 1388 899 1430 saxonia
912 1401 948 1429 or-

43 1462 93 1503 dini
112 1461 303 1503 Praedicatorum
324 1461 464 1502 lucrifactus
482 1463 524 1514 est,
539 1445 651 1502 'absoluto
672 1461 782 1503 tirocinio
802 1463 902 1504 ascetico
923 1465 947 1504 01

42 1536 171 1588 theologico
183 1536 207 1576 in
220 1535 340 1587 provincia
352 1548 394 1576 sua
407 1535 533 1576 Teutoniae
544 1535 617 1576 100101·
630 1535 781 1576 constitutus.
796 1538 948 1577 Praesumen-

43 1610 97 1651 dum
113 1613 156 1662 est,
175 1610 309 1661 Iordanum,
328 1609 435 1661 quicum
451 1611 551 1650 Roberto
568 1610 714 1650 Grosseteste
731 1609 871 1651 cancellario
888 1611 948 1652 Oxo-

42 1683 129 1725 niensis
147 1683 308 1725 universitatis
327 1686 350 1724 et
368 1683 395 1724 de
412 1682 584 1724 Aristotelismo
603 1682 690 1735 optime
708 1683 792 1724 merito
810 1683 948 1726 commercio

42 1759 160 1809 utebatur,
177 1770 231 1799 suas
247 1757 372 1798 relationes
388 1757 458 1798 etiam
473 1768 514 1808 pro
531 1756 629 1798 scientia
645 1756 682 1800 sui
698 1756 788 1798 ordinis
804 1757 945 1799 adhibuisse.

18 1865 19 1868 ,
43 1833 73 1873 Et
88 1831 279 1883 quemdamodum
293 1832 320 1872 Β.
337 1832 453 1872 Iordanus
467 1830 554 1872 ordinis
569 1830 668 1871 formam
683 1830 797 1884 definivit,
813 1830 848 1872 ita
863 1833 890 1872 B.
907 1832 948 1871 Al-

40 1907 129 1957 bertus,
150 1905 280 1946 doctrinam
299 1904 388 1956 ordinis
407 1905 437 1946 ad
455 1903 575 1957 fastigium
595 1904 687 1945 direxit.
709 1905 777 1945 Anno
796 1905 851 1946 1248
870 1905 948 1946 0111110-
978 1943 980 1946 ⁴

43 1980 106 2020 dram
120 1964 293 2030 'Parisiensem
316 1990 384 2030 quam
405 1978 492 2019 famose
513 1979 613 2028 rexerat,
636 1971 738 2029 reliquit.
763 1979 791 2018 In
813 1978 945 2030 disciplinis

42 2052 215 2105 philosophicis,
241 2051 384 2105 theologicis,
411 2050 559 2092 naturalibus
583 2051 758 2092 commentando
783 2053 853 2103 atque
878 2063 947 2104 eupo-

42 2127 116 2167 nondo
129 2112 269 2168 indefessam
282 2127 352 2178 atque
364 2125 575 2177 auspicatissimam
588 2125 702 2166 actionem
716 2124 873 2166 doctrinalem·
884 2137 947 2167 exer-

42 2200 98 2248 cuit,
112 2202 267 2252 praeparatus
280 2202 304 2241 et
316 2198 482 2252 dignus-certe,
496 2201 523 2240 nt
536 2198 645 2250 magister
659 2199 682 2239 S.
698 2197 798 2240 Thomae
812 2199 839 2241 dc
853 2200 947 2251 Aquino

42 2275 108 2315 esset.
125 2275 154 2314 In
167 2273 276 2326 pluribus
288 2273 400 2326 thesibus,
416 2285 434 2314 e.
450 2285 471 2325 g.
487 2273 512 2312 iu
526 2272 671 2324 separatione
685 2271 816 2325 theologiae
831 2272 947 2314 revelatae

41 2360 56 2389 a
67 2347 180 2399 naturali,
195 2347 311 2399 discipulo
323 2346 437 2399 praeiens,
452 2347 479 2387 ob
493 2345 625 2387 vastitatem
639 2357 735 2386 suorum
749 2345 881 2387 studiorum
895 2359 947 2398 syn-

42 2420 124 2463 thesim
141 2422 268 2472 periectam
283 2421 386 2462 nondum
402 2420 517 2472 attingere
533 2418 554 2459 ei
570 2430 703 2460 concessum
720 2418 775 2460 iuit.
794 2419 851 2461 Eius
868 2421 947 2462 aucto-

42 2495 101 2536 ritas
113 2495 190 2534 autem
203 2493 395 2547 incomparabilis
407 2505 434 2535 ex
446 2492 548 2535 servitiis
560 2492 616 2544 suis,
631 2504 689 2545 quae
702 2492 820 2534 Ecclesiae
833 2493 858 2533 in
872 2505 897 2534 10
910 2505 948 2534 ca-

42 2569 128 2611 tholiea
147 2568 290 2609 defendenda
309 2570 332 2608 et
350 2567 512 2620 praedicanda,
532 2565 556 2605 in
575 2566 711 2619 episcopatu
729 2566 903 2619 Ratisboncnsi,
923 2569 947 2609 et

43 2642 149 2684 societati
166 2641 234 2683 civili,
246 2641 271 2680 in
288 2640 457 2693 multiplicibus
474 2639 577 2681 consiliis
594 2652 637 2692 pro
655 2639 753 2681 urbibus
769 2642 793 2680 et
809 2640 888 2692 regnis
905 2640 947 2681 im-

42 2716 130 2769 pendit,
144 2714 212 2755 unica
224 2714 304 2754 erevit.
320 2716 350 2755 hit
362 2714 411 2766 ipse
424 2713 460 2754 sui
473 2713 582 2765 discipuli
596 2715 619 2756 S.
634 2714 734 2755 Thomae
747 2714 819 2754 vitam
832 2725 947 2767 superans

42 2790 110 2831 huius
126 2789 232 2830 1101011001
247 2787 388 2828 scientificus
403 2786 560 2828 validissimus
575 2787 675 2829 exstitit.
693 2787 757 2829 Obiit
773 2788 800 2829 15
815 2787 947 2829 novembris

41 2864 95 2905 1280
110 2861 247 2904 (tolomaei.

96 2934 245 2978 Lucidissimi
270 2933 357 2985 ingenii
383 2936 406 2974 et
432 2933 645 2985 perspicacissimus
671 2935 786 2976 formator
812 2934 946 2987 systematis

40 3010 161 3053 cholastici
179 3012 202 3052 S.
222 3010 320 3050 Thomas
337 3010 364 3050 de
381 3007 494 3061 Aquinoll
511 3009 609 3062 impigro
627 3010 705 3052 studio
723 3013 746 3052 01
763 3011 880 3063 protunda
896 3021 947 3061 per-
