2188 3178
98 60 139 100 180
426 61 473 95 vita
490 61 510 94 et
528 61 580 94 actio
597 61 673 96 ordinis

99 186 222 238 tiariorum
240 187 325 238 curiae,
345 187 385 238 qui
403 188 433 228 ad
451 187 580 230 familiares
598 190 676 242 Papae
694 189 838 241 pertinentes
856 201 924 242 saepe
942 190 1003 243 lega-

100 257 204 304 tionibus
216 263 381 315 tungebantur‚
397 265 490 305 tandem
505 262 740 314 paenitentiariorum
754 264 779 305 in
793 263 897 307 basilicis
911 265 1007 318 quibus-

99 336 152 377 dam
171 336 240 378 Urbis
259 336 428 378 exsistentium.
450 339 477 396 Β.
498 338 574 379 Guala
593 338 750 381 familiaribus
770 339 847 390 Papae
866 338 1018 379 adnumera

99 411 137 450 tus
148 409 275 461 legationes
286 410 407 462 pontificio
418 398 483 453 iussu
495 411 623 463 explevit¹⁵.
638 413 738 454 Ioannes
750 411 888 453 Teutonicus
901 414 924 453 et
933 412 1022 467 *Regi-21

99 483 182 526 ualdus
203 484 379 534 paenitentiarii
400 485 425 524 in
447 487 540 526 'lernam
562 487 667 525 sanctam
688 487 792 527 conterre
815 496 838 526 se
859 484 999 526 desecantu.

99 556 277 599 Paenitentiarii
295 558 419 610 apostolici
437 559 462 599 iu
481 559 542 600 Urbe
561 557 710 600 Dominicaui
729 558 824 611 plurimi
842 559 938 609 crantll,
959 569 1001 608 pro

98 630 190 682 populis
204 631 372 673 Scandinaviae
385 632 460 684 primo
473 630 569 684 speciali
581 631 763 683 paenitentiario
777 631 942 685 exprovineiali
956 633 1005 673 Da*

98 704 253 746 ciae'Nicolao
264 706 417 747 exsistentell.
431 705 563 747 Sardinalis
575 706 643 757 Hugo
655 707 683 762 de
695 708 718 748 S.
732 708 791 748 Caro
803 705 912 747 maiorem
923 704 1004 757 paeni·

98 778 321 832 tentiartumegitd.
474 778 475 781 ’
807 823 811 839 ,Ι

154 855 182 894 11
197 854 311 895 tribunali
326 854 438 908 primario
454 856 571 895 Romanae
587 853 711 906 Ecclesiae,
729 856 789 906 quod
805 855 896 895 saeculo
912 854 964 894 XIV
980 865 1005 894 e·-

99 930 187 968 rectum
201 930 259 979 crat,
277 929 299 969 S.
315 927 450 969 Antoninus
464 926 580 968 auditoris
595 926 709 978 generalis
725 931 848 969 causarum
863 926 999 979 apostolica-

98 1013 149 1041 rum
162 1012 245 1042 munus
258 1001 379 1053 gerebat21.

111 1075 113 1078 ’
152 1075 258 1118 Lectores
270 1077 293 1117 S.
306 1076 394 1117 Palatii
405 1089 432 1117 ex
444 1079 542 1129 utroque
554 1078 635 1118 clero²²
647 1078 671 1118 in
684 1080 762 1120 studio
775 1080 877 1132 generali
888 1080 951 1132 apud
963 1091 1001 1120 cu-

98 1148 157 1189 riam
168 1150 295 1190 Romanam
307 1161 349 1201 per
361 1142 522 1195 Innocentium
537 1152 571 1192 IV
584 1152 732 1193 constituto²³
746 1154 866 1194 docebant.
882 1156 901 1194 Ε
914 1152 1004 1194 nostris:

46 1220 47 1224 ’
97 1236 116 1264 0.
132 1235 153 1275 g.
168 1224 361 1266 Bartholomaeus
374 1225 401 1265 de
417 1225 544 1277 Bregantia
561 1226 641 1277 (1252),
657 1226 768 1267 Albertns
784 1227 889 1279 Magnus,
905 1227 930 1267 in
945 1238 1000 1267 aero

98 1297 252 1339 Avenionensi
261 1298 339 1350 plures
349 1298 413 1340 Galli
422 1298 520 1340 lectores
531 1300 555 1341 S.
567 1298 655 1339 Palatii
665 1301 759 1340 erant24.
773 1301 801 1340 In
811 1299 886 1352 libris,
898 1312 954 1352 quos
964 1311 1004 1341 ca*

98 1383 159 1412 mera
174 1372 302 1423 apostolica
317 1372 345 1413 de
359 1372 460 1414 introitu
475 1375 499 1414 et
514 1372 578 1413 exitu
593 1373 704 1424 pecuniae
721 1375 762 1414 sub
778 1373 917 1425 pontificatu
933 1374 1004 1414 ioan--

96 1445 132 1486 nis
141 1446 208 1486 ·XXII
221 1447 336 1497 servabat,
351 1445 459 1498 magistri
473 1445 602 1498 theologiae
615 1445 640 1485 in
655 1446 720 1487 curia
734 1447 843 1488 docentes
856 1445 998 1494 indicantur,

96 1519 136 1559 sed
147 1519 240 1560 nonnisi
250 1522 304 1571 post
314 1530 401 1560 annum
413 1520 467 1561 1340
479 1531 564 1561 munus
575 1521 599 1560 ct
610 1519 683 1561 honos
695 1519 803 1572 magistri
815 1520 838 1561 S.
853 1519 941 1561 Palatii
952 1520 999 1560 fra--

96 1593 171 1634 tribus
186 1592 388 1634 Praedicatoribus
403 1593 541 1634 tribuendus
556 1593 581 1633 in
596 1604 663 1633 usum
678 1593 769 1646 venit²⁵,
785 1592 847 1633 sicut
862 1595 885 1634 et
900 1593 1002 1633 Ioannes·
1063 1583 1065 1587 Α

97 1667 209 1707 Columna
220 1670 243 1708 et
253 1668 385 1719 Galvagnus
397 1668 503 1708 Flamma
514 1668 541 1708 de
553 1666 664 1718 magistro
677 1668 700 1709 S.
713 1666 801 1708 Palatii
812 1668 927 1707 testantes
938 1665 999 1707 circa

96 1752 182 1780 annum
196 1741 250 1782 1340
264 1740 434 1792 scripseram.

152 1815 261 1866 'tempore
275 1814 406 1855 schismatis
420 1815 572 1856 occidentalis
584 1818 607 1855 et
620 1816 741 1857 conciliari
755 1817 857 1858 officium
871 1818 1003 1859 11001101ον

95 1888 136 1940 vit,
146 1889 283 1940 praesertim
292 1889 334 1929 sub
343 1888 439 1931 Nicolao
449 1901 463 1929 a
473 1891 495 1931 S.
508 1890 635 1936 Saturnino
645 1893 668 1931 et
678 1892 765 1931 Ioanne
775 1891 802 1931 de
812 1891 998 1942 Torquemacaff,

96 1962 213 2014 Eugenius
227 1964 261 2004 IV
274 1974 335 2003 anno
348 1963 403 2004 1431
417 1962 539 2014 privilegia
553 1962 665 2015 magistro
680 1951 703 2005 S;
719 1963 807 2004 Palatii
822 1962 900 2005 debita
914 1964 947 2005 sic
961 1964 1003 2004 tir--⁴

95 2036 167 2077 mavit
179 2038 202 2077 et
215 2035 348 2089 ampliavit
358 2038 385 2076 ut
398 2035 435 2077 hic
448 2037 472 2076 in
486 2036 576 2088 capella
588 2036 710 2088 pontificia
723 2048 750 2077 ac
764 2036 910 2079 consistoriis
923 2038 996 2079 locum

95 2113 148 2161 post
162 2111 273 2151 decanum
287 2110 461 2162 capellanorum
476 2109 655 2161 auditorumque
670 2121 793 2151 causarum
807 2110 892 2161 palatii
907 2114 998 2163 aposto-

95 2184 135 2224 lici
149 2184 250 2236 haberet,
266 2184 347 2225 deinde
361 2183 527 2235 inspectionem
542 2183 732 2230 concionatorum
746 2170 815 2224 simul
830 2186 854 2224 et
868 2195 1000 2226 sermonum>

95 2270 137 2309 pro
157 2260 246 2310 capella
266 2258 387 2310 pontificia
407 2258 585 2309 destinatorum,
608 2258 699 2298 demum
720 2257 858 2299 concedendi
879 2258 997 2301 licentiam

96 2321 184 2383 legendi
198 2344 240 2383 pro
254 2333 330 2373 torma
344 2331 473 2384 magisterii
487 2332 512 2371 in
526 2332 632 2373 Romana
646 2330 712 2372 curia
726 2332 798 2382 atque,
810 2330 912 2384 insignia
926 2333 997 2385 magl-

95 2405 161 2447 sterii
179 2405 319 2458 conferendi,
340 2405 502 2446 baccalaureos
521 2403 663 2446 instituendi
681 2415 763 2456 eosque
782 2405 886 2447 examine
904 2405 1001 2458 privato

95 2482 203 2532 superato
214 2482 243 2522 ad
254 2480 413 2533 magisterium
424 2479 601 2531 p1·omorendi²⁸.
614 2478 677 2519 Ordo
688 2480 765 2519 autem
777 2478 810 2520 sic
821 2481 939 2531 promotos
951 2490 1001 2519 ma»

95 2554 181 2605 gistros
195 2554 303 2606 explicite
318 2553 423 2605 accipere
439 2552 526 2604 debuit,
544 2553 571 2592 nt
587 2552 681 2592 constat
696 2563 737 2603 pro
754 2551 851 2594 Daniele
868 2553 895 2594 de
912 2552 995 2604 ugher,

94 2628 161 2668 cuius
174 2627 275 2669 lecturae
289 2629 312 2668 et
325 2629 445 2679 acceptum
459 2624 620 2679 magisterium
634 2623 657 2663 iu
673 2624 825 2667 universitate
841 2626 864 2666 S.
880 2624 968 2666 Palatii
983 2637 995 2665 u

95 2700 206 2753 magistro
221 2701 322 2753 generali
336 2702 391 2742 1475
405 2702 561 2754 approbatum
575 2699 638 2739 eser.

140 2774 299 2827 -Legationum
317 2788 357 2823 seu
376 2777 523 2829 negotiorum
543 2775 751 2819 ecclesiasticarum
771 2778 805 2819 vel
825 2778 952 2818 nlixtarum
972 2790 1000 2818 u·-

92 2850 198 2901 triusque
207 2849 331 2900 potestatis
340 2844 461 2901 supremae
472 2848 588 2900 expeditio
600 2851 733 2902 saepissime
743 2864 784 2903 per
794 2852 895 2892 membra
907 2851 996 2891 ordinis

92 2925 177 2965 ettecta
194 2923 258 2974 est³⁰,
276 2923 374 2965 Thomas
390 2925 417 2965 de
434 2923 533 2964 Lentino
550 2926 573 2964 et
590 2924 700 2967 Nicolans
718 2926 746 2967 de
763 2926 880 2976 Hanapes
900 2927 999 2976 uterque·

92 2997 227 3049 patriarcha
239 2997 465 3048 Hierosolymitanus
477 2999 500 3037 et
513 2997 603 3049 legatus
616 2999 699 3040 Terrae
712 2992 814 3049 sanctae,
828 3009 876 3038 rem
889 2998 998 3040 christia--
