2188 3178
94 60 120 100 34
137 79 139 83 -
441 62 533 96 Jlrolutio
548 64 648 102 generalis*

94 187 160 240 pagis
175 187 264 229 haeresi
276 187 372 229 infectis
385 188 473 230 iratres
487 190 664 233 Praedicatores
677 204 786 245 magnum
800 192 918 234 influxum
931 198 954 236 et
968 196 1001 237 la·

95 263 171 303 barem
186 263 329 303 exercebant.
346 263 407 311 Quos
422 264 521 306 Ioannes
536 264 677 308 Teutonicus
691 267 741 308 alto
756 267 831 307 animo
845 269 870 308 et
884 268 1001 320 sapienter

93 336 204 389 dirigens,
221 337 274 378 dum
288 336 431 381 incessantes
447 336 594 380 visitationes
609 351 650 391 per
665 340 770 382 ordinem
784 340 926 394 perficiebat,
943 355 1000 395 quae

93 412 152 451 'oona
161 411 221 452 vidit
230 411 337 462 laudans,
348 423 405 463 qrme
414 423 461 452 non
470 413 529 453 bona
538 411 674 467 corripiens,
686 426 745 466 quae
754 416 854 457 nondum
864 418 932 457 erant
941 416 999 458 exci-

92 488 152 526 tans.
634 494 639 502 '

147 558 316 600 Admirabilem
329 559 395 600 illurn
408 560 552 613 splendorem
567 572 613 613 quo
625 563 680 603 ordo
693 563 886 605 Praedicatorum
898 563 923 604 in
937 563 999 605 omni

93 632 153 673 ritae
168 642 222 673 suae
235 636 305 685 :itque
319 634 417 675 actionis
432 635 565 688 sanctitate,
581 635 716 688 nobilitate,
729 637 834 689 potentia
848 640 871 680 et
885 637 998 690 maguitu-

91 707 143 749 dine
160 708 253 749 fructus
268 708 372 750 faciebat
386 709 475 756 videns,
492 708 541 761 ipse
557 710 640 751 beatus
655 711 757 753 Ioannes
773 712 912 754 Teutonicus
928 714 997 753 noctu

90 781 152 823 inter
162 783 176 823 4
187 784 210 823 et
220 783 232 823 5
243 783 372 824 novembris
383 784 437 824 1252
448 785 478 825 ad
488 784 605 825 tumulum
616 784 736 825 descendit
746 786 887 837 primaevam
898 788 997 827 aetatem
1008 794 1010 819 1

91 856 181 898 ordinis
196 868 208 897 c
223 856 278 898 filiis
292 856 381 908 primae
395 857 551 909 generationis
567 859 692 905 formatam
708 858 843 911 dignissime
859 860 995 902 claudens21.

180 1007 194 1066 ᾗ
212 1008 232 1052 7.
247 1008 292 1051 Res
309 1008 394 1051 ordinis
405 1008 439 1065 ab
457 1024 515 1051 enno
532 1010 591 1052 1252
608 1024 678 1068 usque
697 1010 726 1052 ad
743 1010 908 1069 depositionem
925 1025 926 1028 ’

424 1096 525 1153 magistri
540 1095 664 1139 Munionis.

144 1229 202 1269 Post
215 1229 322 1268 sanctum
336 1228 485 1269 fundatorem
499 1230 522 1269 et
534 1229 674 1270 formatores
688 1228 777 1270 ordinis
792 1229 876 1270 abhinc
890 1229 996 1282 magistri

89 1302 207 1352 generales
221 1304 244 1342 et
257 1302 345 1342 fratres
359 1301 383 1341 in
397 1301 509 1353 capitulis
524 1302 670 1355 generalibus
684 1302 820 1356 congregati
834 1315 887 1345 eum
903 1315 995 1356 scopum

88 1375 229 1426 particulari
240 1377 308 1416 modo
321 1374 365 1416 sibi
376 1375 638 1429 praefigeredebebant,
652 1379 678 1418 ut
690 1376 725 1417 rei
739 1376 776 1419 sui
787 1376 895 1419 instituti
907 1377 995 1430 prospi-

87 1452 165 1491 cerent
180 1449 281 1492 tuitione
306 1452 382 1492 status
406 1451 461 1492 boni
476 1450 522 1491 iam
546 1450 657 1503 acquisiti
671 1454 694 1492 ct
710 1452 885 1492 conservatione
909 1451 995 1491 iurium

87 1535 176 1565 necnon
191 1526 214 1565 et
229 1524 342 1565 continua
356 1526 425 1576 atque
440 1523 556 1566 indefessa
572 1525 730 1566 elaboratione
745 1536 773 1566 ac
788 1525 945 1567 moderatione
960 1524 998 1566 111-Ὶ

88 1601 162 1639 terna.

141 1669 246 1714 Persona
263 1672 371 1725 magistri
389 1673 514 1714 Humberti
536 1674 649 1725 (1254s63)
669 1673 812 1715 auctoritate
831 1685 878 1715 non
898 1673 992 1715 caruit1⁴

87 1748 158 1788 quta
173 1748 248 1788 locum
262 1746 396 1788 nativitatis
410 1749 513 1789 Romans
526 1747 551 1788 in
566 1748 711 1800 Delphinatu
725 1759 797 1800 prope
811 1748 952 1801 Valentiam,
968 1747 993 1787 in

66 1840 67 1844 =
86 1834 129 1874 qno
139 1824 247 1874 vergente
257 1822 350 1863 saeculo
360 1823 403 1863 XII
414 1825 485 1864 natus
496 1824 537 1875 est,
549 1825 654 1884 vocatus,
665 1822 747 1864 studia
757 1821 919 1864 universitatis
928 1822 993 1863 Pari-

85 1896 169 1937 siensis
183 1895 349 1949 frequentavit.
365 1896 478 1949 Magister
492 1896 580 1937 artium
596 1897 693 1938 effectus
710 1896 787 1937 ordini
802 1895 993 1937 Praedicatorum

85 1983 167 2012 nomen
181 1970 252 2021 dedit,
267 1982 334 2022 quem
347 1982 402 2023 prae
416 1970 564 2012 Oartusianis
578 1971 600 2012 ei
614 1971 772 2013 dilectissimis
785 1972 880 2011 tandem
894 1970 990 2021 optavit.

85 2030 172 2086 Insua-
187 2044 307 2097 provincia
323 2045 437 2086 Franciae
452 2046 568 2086 lectoratu
584 2047 608 2087 et
623 2044 731 2097 prioratu
747 2046 816 2097 atque
831 2044 895 2096 apud
911 2044 991 2085 Roma-

84 2132 125 2162 nos
138 2120 311 2171 provincialatu
325 2119 360 2160 ita
372 2119 490 2171 excelluit,
505 2122 530 2161 ut
543 2120 599 2160 ram
612 2132 627 2161 a
639 2118 799 2161 cardinalibus
811 2118 836 2159 in
850 2119 938 2170 Papam
952 2118 991 2160 eli-

84 2195 172 2246 gendus
186 2196 326 2235 censeretur.
343 2195 399 2235 Post
413 2195 531 2235 Romanae
546 2196 570 2235 et
585 2193 699 2235 Franciae
715 2192 829 2234 ditionum
845 2192 946 2244 regimen
960 2181 997 2234 ad¹

84 2268 220 2320 gubernium
234 2267 323 2309 ordinis
337 2271 436 2319 evectus,
451 2268 515 2309 inea
528 2268 663 2320 altitudine,
678 2268 709 2309 ad
723 2278 791 2319 quam
805 2266 989 2318 praedecessores

83 2342 119 2383 sui
130 2343 233 2384 ordinem
243 2343 392 2394 attollebant,
404 2354 485 2383 secure
495 2345 518 2384 et
527 2342 627 2384 fecunde
637 2341 705 2383 rexit.
719 2341 805 2382 Eodem
816 2340 867 2393 ipso
878 2342 987 2394 tempore,
1002 2362 1004 2366 ν

83 2429 126 2469 ciro
142 2417 279 2468 gnbernium
294 2418 396 2458 fratrum
412 2415 522 2470 incoepit,
539 2416 590 2457 eins
606 2427 688 2458 nomen
705 2426 758 2456 eum
772 2413 850 2457 studio
866 2426 938 2457 novae
954 2427 989 2456 or-

82 2491 211 2534 dinationis
225 2491 336 2544 liturgiae
350 2490 509 2533 dominicanae
522 2490 676 2532 eonnectitur.
692 2490 731 2531 Ad
745 2489 851 2542 magistri
864 2489 988 2531 Humberti

81 2565 206 2617 exemplar,
221 2565 356 2607 solemniter
368 2566 396 2606 ab
410 2565 492 2607 ordine
504 2577 567 2606 anno
579 2565 634 2606 1256
647 2565 768 2615 acceptum
782 2566 804 2606 et
816 2564 987 2615 confirmatum,

82 2641 157 2681 denuo
177 2639 358 2681 ecclesiasticum
379 2639 482 2681 officinm
501 2640 605 2680 fratrum
625 2637 815 2679 Praedicatorum
835 2636 988 2690 compositum

80 2714 182 2766 exstitit,
196 2714 232 2754 cui
243 2714 376 2766 provinciae
387 2727 411 2756 se
424 2714 616 2755 conformarent².
630 2713 661 2753 At
672 2723 720 2753 non
732 2712 806 2754 solum
818 2712 899 2754 modos
911 2721 987 2752 sacros

80 2788 185 2829 suaviter
203 2791 297 2839 gustare
316 2791 399 2841 potuit,
421 2790 461 2829 sed
479 2790 502 2829 et
520 2786 689 2829 amaritudines
708 2789 778 2839 atque
795 2785 936 2829 acerbitates
954 2783 987 2825 rei

79 2863 197 2904 adversae.

135 2936 255 2990 Imprimis
269 2948 281 2977 e
295 2947 351 2987 pace
365 2935 471 2988 liturgici
485 2934 562 2988 operis
576 2937 600 2976 et
614 2935 788 2987 pulchritudine
802 2933 880 2976 laudis
896 2931 987 2975 divinae

77 3024 173 3054 eausam
190 3022 256 3063 agere
270 3000 297 3051 'et
316 3009 378 3051 litem
396 3010 512 3052 sustinere
528 3020 571 3061 pro
588 3009 667 3051 ordine
684 3022 727 3051 suo
745 3008 855 3061 magister
873 3006 986 3060 generalis
