2188 3178
108 115 146 156 llo
441 115 488 149 Vita
501 115 522 148 et
536 114 589 148 actio
603 114 678 149 ordinis

163 248 191 288 In
202 247 333 299 regionibus
344 248 461 288 Balcani¹l
474 243 559 289 iratres
571 248 746 290 Praedicatores
758 233 893 299 Hungaluae
905 250 1013 290 fructuo-

107 334 131 364 se
139 321 284 362 laborabant.
296 322 334 362 Ita
343 333 404 362 anno
414 323 468 364 1232
476 321 625 374 provincialis
635 322 770 375 Hungariae
779 333 806 362 ex
816 321 936 372 pontificio
946 334 1014 363 man-

107 397 162 436 dato
173 395 321 436 0112311111
332 395 453 447 episcopus
465 395 590 436 Perusiirus
602 398 652 437 tum
665 396 786 449 011180011118
796 395 897 436 Bosniae
909 397 1013 436 Ioannes

107 468 364 510 Γ[01101110181111101011
376 470 529 521 Bulgarorum
540 471 670 511 tentarunt.
684 469 810 511 Efficacius
820 469 883 520 apud
894 469 1011 521 Bulgaros

107 528 257 583 Franciscani
267 543 405 584 laborabant
415 556 482 594 ciram
492 542 646 583 Dominicani.
658 544 751 585 Pariter
760 544 785 583 in
795 543 896 589 Albania
906 554 1013 594 praeser-

83 613 85 617 ’
106 617 149 657 tim
160 615 215 657 unio
226 617 383 658 ecclesiastica
394 617 514 658 efficienda
526 619 583 657 erat.

162 690 258 732 Fratres
275 691 450 732 Praedicatores
468 690 600 742 provinciae
617 691 734 733 Romanae
754 692 790 733 die
808 692 838 732 22
853 690 936 744 aprilis
953 691 1013 732 1236.

106 776 148 816 per
177 764 317 816 Gregorium'
344 766 373 805 IX
403 765 514 805 destinati
545 766 606 816 sunt,
638 764 677 817 qui
708 765 880 818 archiepiscopo
911 764 1012 805 Antiba-

107 838 169 879 rensi
185 838 364 890 opitularentur.
382 839 435 879 1250
453 838 603 879 Innocentius
619 840 652 879 lV
669 839 812 890 provinciam
828 838 961 880 Hungariae
978 838 1009 897 ad

107 924 166 963 opus
178 912 271 955 unionis
283 924 323 964 per
335 914 413 963 partes
426 912 539 954 Albaniae
552 912 669 953 excitavit.
685 914 742 953 Tum
755 912 906 954 fundationes
920 911 1013 954 ordinis

107 998 121 1027 a
134 988 247 1027 conventu
260 986 377 1038 Ragnsino
388 989 500 1027 exeuntes
513 985 616 1027 Dulcinii
630 998 690 1027 anno
703 987 758 1027 1258
771 988 795 1027 01
808 985 934 1037 Dyrrachii
946 997 1013 1028 anno·
1072 980 1074 984 ’

107 1061 257 1113 1278100100,
271 1060 389 1111 praesules
404 1060 543 1100 dominicani
557 1072 575 1100 e.
591 1072 612 1112 g:
627 1071 687 1101 anno
701 1061 755 1101 1303
769 1059 874 1101 Valonae
888 1059 1006 1111 Nicolans,

107 1134 216 1175 Antibari
232 1134 370 1175 Guillelmus
387 1128 438 1174 Ada
454 1135 557 1186 1324111,
574 1130 699 1185 Dyrrachii
717 1134 817 1175 Ioannes
834 1133 861 1175 de
878 1132 1012 1185 Dyrrachio

106 1208 206 1260 1412122,
217 1209 266 1248 tum
275 1207 400 1259 scriptores
409 1208 518 1259 anonymi
527 1209 667 1248 momentum
676 1207 778 1260 signant,
789 1219 833 1259 quo
843 1209 929 1249 iratres
939 1209 1009 1248 Prae-

107 1281 222 1322 dicatores
238 1281 305 1322 iuxta
323 1281 490 1322 Franciscancs
508 1285 531 1322 et
550 1281 712 1323 Beneclictinos
731 1281 830 1321 multum
848 1293 890 1333 pro
910 1281 953 1321 fide
971 1292 1011 1320 ca-¹

106 1355 193 1396 thelica
222 1355 335 1396 Albaniae
364 1354 487 1407 praecipue
518 1344 707 1406 septentrionalis
737 1355 902 1406 operabantur.
935 1356 1012 1406 Euge*

106 1429 159 1471 nius
176 1430 210 1470 IV
226 1429 262 1470 die
278 1430 305 1471 15
322 1429 446 1472 decembris
463 1430 517 1471 1138
534 1429 686 1470 missionariis
704 1428 858 1470 dominicanis
875 1426 1008 1480 provinciae

106 1502 238 1544 Dalmatiae
251 1505 274 1544 et
288 1503 410 1555 privilegia
424 1503 525 1544 firmavit
538 1515 579 1555 pro
594 1503 711 1544 laboribus
725 1503 749 1542 in
765 1501 866 1543 Albania
881 1501 1012 1553 ceterisque·

106 1577 176 1617 terris
191 1579 214 1617 et
228 1578 318 1618 eosdem
333 1576 446 1628 episcopis
460 1580 483 1618 et
497 1577 589 1628 populis
604 1577 718 1618 Albaniae
732 1579 756 1617 et
772 1575 866 1617 Serviae
881 1575 1011 1627 vicinisque

106 1651 257 1691 commendat.
273 1652 301 1691 In
315 1650 395 1692 Servia
407 1662 467 1692 anno
480 1652 533 1692 1808
546 1652 654 1691 notamus
667 1650 794 1691 Henricum
808 1649 835 1690 de
848 1649 954 1690 Arimino
968 1660 1011 1689 no·-

107 1727 181 1765 strum
189 1726 217 1777 *et
230 1724 366 1776 Gregorium
380 1726 406 1765 de
420 1725 516 1766 Oattaro
530 1725 628 1776 O.I⁴'.hl.,
644 1724 683 1776 qui
696 1725 758 1775 apud
771 1723 850 1764 aulam
863 1723 923 1775 regis
938 1723 1007 1769 Ur0s‚

106 1799 144 1839 cui
163 1798 252 1839 Helena
270 1799 298 1839 de
316 1798 416 1839 Valesiis
436 1801 554 1850 nupserat,
575 1798 714 1849 residebant,
736 1800 763 1838 ut
783 1796 963 1837 ecclesiasticam
983 1807 1011 1835 u·-

105 1872 196 1913 nionem
210 1872 311 1929 principi
326 1873 456 1913 suaderent.

160 1946 245 1987 Merita
257 1947 377 1998 praeclara
390 1947 476 1988 iratres
488 1947 647 2008 Praedictores
660 1949 685 1988 in
697 1947 872 1990 conservatione
885 1948 938 1990 fidei
951 1949 1010 1990 Bos

104 2020 157 2060 niae
172 2022 195 2061 et
209 2020 342 2061 Dalmatiae
356 2022 425 2072 atque
440 2021 464 2060 in
479 2033 556 2073 pugna
571 2023 653 2063 eontra
668 2022 800 2074 Bogomilos
816 2033 843 2062 ac
858 2022 1009 2063 Paulicianos

105 2094 150 2135 sibi
164 2097 336 2145 compararunt.
353 2095 416 2134 Haec
430 2096 507 2136 tamen
522 2107 558 2136 res
573 2095 651 2148 potius
666 2098 708 2137 snb
722 2095 874 2148 inquisitione
888 2098 1007 2138 narranda

105 2170 148 2208 est.
163 2170 272 2209 Attamen
285 2169 398 2209 relevetur
411 2170 471 2228 quod
484 2169 588 2220 deposito
601 2169 708 2222 episcopo
722 2169 792 2210 debili
805 2169 926 2222 Hennensi,
941 2169 1010 2211 cnius-

105 2253 187 2282 nomen
206 2243 335 2294 ignoratur,
357 2254 398 2293 per
418 2242 519 2295 legatum
539 2243 645 2295 papalem
666 2245 766 2284 loannes
786 2243 933 2297 Teutonicus,
955 2255 1009 2295 pro-

107 2315 210 2356 vincialis
226 2316 369 2368 Hungariae,
386 2316 411 2356 in
427 2317 502 2358 sedem
518 2318 658 2363 Bosnenseni
675 2316 722 2358 sive
738 2317 766 2357 de
782 2316 916 2370 Diaeo(var)
934 2318 1009 2359 eleva-

102 2392 144 2432 tus
159 2392 200 2430 est.
217 2390 283 2431 Ortis
297 2390 444 2450 opinionibus
460 2383 596 2443 quibusdam
612 2389 775 2431 differentibus
790 2389 852 2431 inter
868 2403 944 2444 regem
960 2393 1008 2431 An-

105 2464 183 2503 dream
196 2464 221 2504 ΙΙ
232 2467 256 2504 et
268 2465 386 2515 Ioannem,
399 2463 449 2515 ipse
461 2464 619 2516 episcopatum
631 2463 703 2504 fratri
715 2464 804 2505 Ponsae
817 2464 872 2506 Ο.Ρ.
887 2464 965 2507 008811.

160 2534 281 2578 Missiones
294 2540 316 2578 et
330 2537 495 2590 evangelizatio
509 2541 532 2580 et
546 2549 615 2589 opera
629 2536 722 2578 unionis
735 2538 905 2580 ecclesiasticae
919 2538 943 2578 in
958 2538 1007 2590 pla-

105 2610 140 2662 gis
153 2610 304 2653 orientalibus
318 2601 424 2663 Europae
437 2624 488 2653 curn
503 2613 525 2654 S.
541 2610 674 2663 Hyacinthe
687 2614 863 2653 connectuntur.
879 2613 953 2654 Facta
966 2624 1007 2653 au·
1067 2633 1068 2637 =

106 2687 151 2725 tem
162 2684 272 2732 historica
292 2685 467 2726 narrationibus
488 2685 598 2737 legendae
618 2685 764 2727 exuberantis
785 2698 832 2727 non
853 2686 878 2726 in
900 2684 1007 2726 omnibus

104 2759 192 2799 favent.

160 2833 227 2873 Anno
241 2833 295 2873 1222
309 2833 358 2885 ipse
372 2845 423 2873 eum
438 2833 520 2886 paucis
533 2832 647 2875 fratribus
661 2834 686 2874 in
701 2834 796 2875 civitate
812 2832 939 2875 Kiowiensi
954 2844 1007 2873 con-

104 2909 198 2948 ventum
210 2906 310 2958 erexit12,
324 2919 389 2958 quem
400 2932 428 2936 —
440 2908 494 2948 dum
506 2907 535 2947 ad
547 2908 661 2950 Prutenos
674 2908 808 2949 secessit-
819 2918 880 2947 anno
892 2907 947 2946 1226
959 2907 1006 2947 ira-

104 2982 136 3023 tri
153 2979 265 3023 Godwino
282 2980 493 3021 administrandum
510 2980 631 3022 commisit.
651 2982 797 3023 Provinciam
815 2979 926 3021 Poloniae
944 2980 1007 3022 haud

103 3055 255 3107 spernendam
272 3053 386 3094 actionem
403 3053 573 3095 missionariam
589 3055 717 3108 explicasse
733 3067 760 3096 ex
777 3052 899 3106 pontificia
915 3065 1008 3096 conces»
