2188 3178
28 160 29 164 ,
67 152 95 191 46
412 151 507 185 Evolutio
520 153 620 192 generalis

68 277 125 319 siael
139 279 194 320 dum
207 290 234 319 ex
246 277 293 319 alia
306 280 374 329 parte
387 277 506 330 principes
518 290 565 320 non
578 280 711 333 defuerunt,
726 281 765 334 qui
777 282 863 322 1111111
878 283 972 337 Praedi-

68 353 159 394 catores
173 351 208 393 ita
223 350 340 404 ditabant,
356 354 384 393 ut
399 353 466 394 extra
481 352 655 412 mendicitatem
670 355 885 397 constituerentur⁷.

124 426 211 467 Contra
228 437 274 478 eos,
293 425 333 478 qni
350 438 365 467 a
382 425 527 478 possessione
544 428 648 470 modesta
666 430 701 469 vel
719 428 765 470 iam
783 431 851 470 aucta
869 430 971 470 fratrum

68 499 258 541 Praedicatorum
273 498 374 541 decimas
389 498 480 551 exigere
494 499 654 553 intendebant,
671 502 820 544 Innocentius
836 503 870 544 IV
884 502 972 555 aliique

68 574 145 625 Papae
154 572 322 625 exemptionem
332 573 422 622 ordinis
430 573 622 615 Praedicatorum
631 574 788 618 inculcabant,
799 578 849 618 Imo
859 578 882 617 et
891 577 971 618 eadem

68 646 198 688 auctoritas
212 648 302 689 eosdem
316 646 420 699 protexit
434 649 517 689 contra
531 647 592 700 illos,
609 648 648 701 qui
661 650 704 691 suh
719 652 842 702 praetextu
856 649 972 702 portionis
1019 632 1020 638 ἵ

68 719 192 762 canonicae
208 720 286 773 legata
302 720 418 762 iratribus
434 720 640 764 Praedicatoribus
656 723 775 765 destinata
791 716 918 766 diminuere
936 735 972 765 co-

68 796 202 836 nubantur.
218 796 246 836 In
258 794 406 836 celeberrima
418 795 483 836 bulla
496 795 623 836 Alexandri
636 797 670 838 IV
683 797 800 839 «Virtute
813 797 970 850 conspicuos»

68 881 129 911 anno
146 870 200 910 incr
217 871 320 921 tempore
336 869 481 922 indulgenus
499 869 606 922 magistri
623 870 749 912 Humberti
766 872 829 913 111111
846 872 864 913 11
881 871 971 913 reditus

69 943 146 984 ordini
166 943 332 994 conceduntur,
355 942 439 994 quibus
459 944 546 984 1111111
567 944 597 984 ad
618 946 779 985 ornamentum
801 945 916 997 ecclesiae,
939 946 970 986 ad

68 1029 158 1058 sacram
170 1016 344 1069 supellectilem,
357 1017 387 1057 ad
399 1017 473 1059 libros
483 1016 587 1069 aliasque
599 1017 748 1062 necessitates
760 1032 787 1061 ex
800 1020 923 1061 donatione
935 1020 971 1061 vel
1024 1039 1025 1043 =

68 1104 96 1133 ex
108 1091 285 1133 testamentarIa
296 1090 426 1132 traditione
438 1091 579 1143 potiuntur.
595 1091 767 1134 Sustentationi
780 1093 971 1135 Praedicatorum

68 1166 174 1207 Clemens
187 1165 221 1206 IV
235 1165 289 1206 1265
304 1164 431 1216 multiplici
446 1167 537 1206 statuto
551 1165 678 1218 prospexit,
694 1165 818 1217 prohibens
833 1161 970 1209 erectionem

67 1239 167 1281 aliorum
180 1240 333 1279 conventuum
346 1238 371 1278 in
384 1238 506 1280 vicinitate
520 1239 638 1280 domorum
652 1239 748 1292 ordinis,
763 1241 883 1283 declarans
898 1224 971 1294 equod

67 1324 107 1354 vos
118 1312 143 1352 111
155 1312 323 1365 temporalibus
334 1312 408 1364 bonis,
420 1312 446 1353 in
459 1313 541 1365 quibus
554 1312 706 1355 succederetis
718 1313 743 1354 11
756 1314 847 1356 saeculo
860 1315 970 1356 exsisten-

68 1390 102 1429 tes
120 1386 183 1428 licite
200 1385 301 1438 potestis
317 1386 438 1427 succedere
455 1388 479 1427 et
496 1388 608 1428 bonorum
625 1387 729 1439 ipsorum
747 1387 913 1439 possessionem
931 1400 971 1440 ap-

59 1445 206 1512 prehendere
222 1472 249 1501 ac
264 1461 362 1501 vendere
377 1459 449 1501 libere
465 1461 526 1501 bona
541 1460 593 1512 ipsa
609 1472 731 1512 eorumque
748 1461 848 1512 pretium
865 1461 890 1502 in
907 1461 970 1503 utili-

67 1534 140 1575 tatem
150 1536 251 1575 vestram
261 1535 396 1574 convertere
405 1536 445 1574 ³³1⁰.

122 1607 246 1660 Invidiam,
258 1619 327 1659 quam
336 1619 364 1648 ex
374 1607 515 1659 accipiendis
526 1607 695 1649 hereditatibus
705 1608 741 1649 vel
750 1608 897 1650 testamentis
909 1609 971 1649 Men-

68 1682 172 1723 dieantes
188 1680 214 1721 111
230 1693 254 1722 11
271 1681 388 1733 suscipere
405 1681 527 1733 debebant,
545 1680 592 1733 ipsi
609 1680 676 1723 iuxta
693 1680 863 1723 admonitiones
881 1681 971 1733 capitu-

67 1756 142 1796 lorum
155 1766 250 1796 suorum
264 1754 380 1795 moderari
394 1756 520 1796 studebant
534 1755 667 1807 dicentium,
684 1755 744 1807 quod
757 1756 844 1796 iratres
859 1755 971 1808 populum

67 1829 179 1870 inducant
195 1829 226 1869 ad
241 1828 295 1869 1111
311 1830 334 1869 11
350 1829 492 1869 1111111111
508 1826 611 1871 ecclesiis
627 1828 797 1880 paroecialibus
813 1828 930 1870 reddenda
947 1830 970 1870 et

67 1915 81 1943 a
101 1886 223 1953 sepultura
242 1902 305 1954 apud
326 1901 445 1943 ecclesiam
466 1901 619 1953 paroecialem
640 1902 744 1943 habenda
764 1913 811 1942 non
831 1902 969 1943 avertantfl.

67 1976 130 2018 Haeo
149 1975 238 2017 invidia
257 1975 377 2016 occasione
396 1974 490 2016 concilii
509 1974 669 2028 Lugdunensis
689 1977 715 2016 II
734 1975 765 2016 ad
784 1974 970 2027 suppressionem

67 2049 204 2102 religionum
224 2048 407 2090 mendicantium
427 2049 455 2090 de
474 2049 525 2090 inre
544 2048 656 2100 pervenit,
678 2048 733 2090 licet
753 2048 780 2090 de
799 2048 862 2089 tacto
883 2049 969 2090 iratres

66 2122 243 2165 Praedicatores
256 2125 280 2164 et
293 2122 395 2163 Minores
408 2121 496 2175 alitque
510 2123 538 2164 ob
552 2122 681 2164 utilitatem
695 2121 812 2163 Ecclesiae
826 2123 849 2162 et
863 2122 906 2163 sub
921 2133 970 2174 spe-

67 2197 121 2238 ciali
133 2196 243 2249 regimine
255 2196 414 2238 tolerarentur
426 2196 536 2248 factaque
548 2207 589 2248 per
602 2195 738 2248 Gregorium
751 2196 768 2235 X
781 2195 895 2236 facultate
909 2196 969 2248 quod

67 2272 78 2309 'u
89 2273 142 2311 tuta
154 2270 296 2311 conscientia
307 2269 403 2321 aliquod
414 2268 527 2321 proprii»
540 2268 658 2322 possidere
670 2268 792 2322 possentfl.
807 2268 883 2321 MagIs
894 2268 969 2325 adbuc

67 2343 181 2385 Bonifatii
194 2344 257 2386 VIII
271 2343 337 2385 bulla
351 2343 427 2396 Super
440 2330 575 2384 cathedram
588 2340 793 2384 Praedicatoribus
806 2344 969 2383 nocumentum

66 2417 156 2470 intulit,
170 2418 295 2459 statuendo
309 2418 421 2469 quantam
433 2418 525 2468 partem
538 2415 640 2457 omnium
654 2414 816 2457 obventionum
828 2417 878 2456 tam
892 2416 920 2457 de
933 2416 969 2456 tu-

67 2491 185 2533 neralibus
206 2502 275 2543 quam
297 2500 493 2543 quarumcumque
514 2489 549 2531 vel
571 2488 780 2542 quomodocumque
801 2488 962 2530 relictarum...

67 2579 78 2605 u
89 2565 119 2606 ad
128 2576 280 2617 quoscumque
289 2567 365 2605 certos
375 2575 415 2605 seu
425 2562 591 2604 determinatos
601 2574 664 2615 usus,
676 2562 703 2602 de
713 2560 794 2613 quibus
804 2561 874 2603 etiam
885 2566 969 2614 quarta

66 2651 106 2682 scu
117 2638 227 2680 canonica
238 2637 316 2691 portio
328 2649 369 2678 nec
382 2637 434 2678 dari
445 2649 488 2678 nec
499 2635 560 2689 exigi
572 2634 716 2677 consueverit
729 2635 763 2676 vel
775 2636 842 2677 debet
855 2638 883 2677 de
895 2635 967 2678 11111

65 2723 154 2754 necnon
174 2711 281 2753 datorum
301 2712 337 2752 vel
357 2710 555 2763 qualitercumque
576 2706 722 2760 donatorum,
744 2704 801 2761 quae
820 2707 969 2750 Praedicato-

65 2786 131 2829 ribus
148 2785 286 2837 contingunt
303 2783 474 2836 paroecialibus
491 2782 652 2825 sacerdotibus
668 2784 691 2823 11
708 2782 855 2824 ecclesiarum
874 2780 969 2823 rectori-

65 2862 108 2903 bus
122 2871 160 2901 seu
175 2858 263 2899 curatis
277 2857 425 2910 integraliter
438 2856 583 2909 largiendam
597 2855 673 2897 csse¹³.
688 2857 733 2897 Per
747 2856 805 2898 hanc
820 2854 968 2897 constitutio-

64 2946 116 2976 nem
135 2931 287 2985 apostolicam
305 2930 330 2971 in
348 2933 459 2984 tempore,
480 2930 540 2983 quod
559 2928 730 2972 mendicitatem
748 2930 779 2972 ad
797 2928 968 2970 sustendandos

64 3008 191 3050 conventus
214 3004 357 3056 impossibile
382 3003 493 3055 ostendit,
519 3002 589 3044 etiam
613 3003 713 3044 aliorum
736 3003 890 3056 proventuum
915 3003 968 3044 tons

64 3082 180 3124 limItatus
194 3081 236 3120 est.
252 3077 436 3129 Praeoccupatio
450 3076 539 3118 ordinis
553 3076 578 3117 in
593 3076 763 3118 commentariis
777 3075 898 3117 cuiusdam
914 3088 968 3117 ano-
