2101 3187
371 78 482 112 Conventus
500 78 582 118 eiusque
599 78 746 113 administratio
984 81 1011 121 89

108 206 139 247 ut
157 204 218 257 licet,
239 207 352 257 quantum
370 204 544 247 rationabiliter
563 205 613 247 fieri
632 207 716 257 potest,
737 205 769 246 sit
788 206 809 257 ei
828 206 947 248 uelandum
966 218 1009 258 pro

106 278 236 320 animarum
249 279 334 331 salute,
348 281 426 320 tamen
440 279 515 331 magis
527 278 621 332 expedit
634 291 675 331 pro
689 278 770 320 ordine
784 282 807 321 et
820 274 934 322 tratribus
948 282 1008 333 quod
1042 287 1044 291 “

107 353 182 394 minor
196 353 275 405 potius
289 353 331 394 fiat
346 354 444 406 tructus,
461 354 516 394 111111
531 354 609 395 minus
622 352 699 394 idonei
714 354 825 395 laxantur
839 349 969 396 indiscrete*
978 355 1008 395 ad

106 426 299 480 praedicationes,
318 427 348 467 ad
364 416 461 468 consilia
478 427 564 480 danda,
582 430 605 469 et
622 427 652 468 ad
669 426 824 469 confessiones
841 428 967 469 audiendas
985 430 1008 469 11

106 501 192 558 similia
202 515 221 542 1.
235 503 264 542 11
276 501 429 554 procurandis
441 513 529 553 quoque
540 500 707 554 temporalibus
719 500 767 542 sive
778 513 820 554 per
831 502 915 542 iratres
928 513 1008 542 caven-

106 576 160 617 dum
175 578 210 618 est
225 575 254 627 ei,
271 576 384 627 quantum
401 575 450 616 fieri
465 577 549 628 potest,
567 581 596 617 ne
611 576 738 628 graventur
753 574 856 623 homines
872 566 1008 617 notabiliter

104 653 128 691 et
141 662 170 692 ne
183 651 241 690 fiant
254 651 366 701 quaestus
378 649 448 690 etiam
461 648 570 690 honesti⁵.

160 725 194 768 De
207 722 257 764 iure
271 722 336 774 prior
349 724 474 764 membrum
488 725 523 765 est
537 723 636 776 capituli
649 722 808 777 provincialis,
823 724 908 765 elector
921 724 1007 775 prioris

104 797 262 848 provincialis,
280 799 358 848 potest
374 796 443 839 certis
460 796 485 837 in
502 797 673 839 conditionibus
690 796 792 839 vicarius
809 797 940 849 provinciae
957 809 1007 839 esse

102 874 127 913 et
141 882 262 912 numerare
277 872 331 912 vota
345 871 368 911 in
384 870 496 923 capitulis
509 870 698 922 provincialibus.
715 870 801 912 Officia
816 883 858 911 sua
872 896 899 901 —
914 872 1006 922 praeter

103 945 151 986 alia
166 942 310 986 iam'notata
325 945 593 996 -comprehenduntur
609 945 633 985 11
649 943 811 996 cooperatione
827 957 878 986 curn
894 944 1006 997 magistro

103 1018 199 1071 11111111,
220 1019 304 1071 priore
317 1018 463 1071 provinciali,
484 1018 602 1060 visitatori
621 1018 736 1070 iacienda,
757 1008 849 1070 quando
869 1012 1005 1059 conventum

105 1092 239 1145 inspiciunt.
258 1092 284 1134 Si
301 1092 406 1133 omnibus
422 1092 506 1134 officiis
523 1094 580 1133 bene
595 1092 705 1144 providit,
723 1092 791 1145 longe
807 1091 937 1144 prioratum
954 1093 1006 1144 quis

101 1178 206 1208 exercere
219 1166 305 1219 potuit,
321 1154 356 1208 vel
370 1167 397 1207 de
410 1178 455 1207 uno
469 1166 500 1214 111
513 1166 586 1207 alium
599 1168 735 1208 conventum
749 1165 907 1208 consentiente
921 1167 955 1207 vel
970 1165 1005 1205 in-

38 1239 40 1243 ’
101 1241 214 1282 1111111111
224 1240 364 1292 provinciali
374 1240 505 1282 transferri.
520 1230 545 1282 Si
557 1240 608 1292 quis
618 1240 682 1292 prior
692 1240 717 1280 in
729 1239 933 1281 administratione
944 1240 1005 1280 defe-
1034 1292 1036 1295 Ι

96 1314 135 1356 ¹cit
148 1313 314 1366 a-pluvinciali
326 1314 429 1365 capitulo
442 1314 577 1366 plerumque
591 1314 625 1355 vel
638 1326 652 1355 a
665 1313 812 1366 generalibus
821 1313 926 1355 ,comitiis
939 1314 1005 1355 abso-

101 1389 167 1430 lutus
181 1390 222 1429 est.
239 1389 268 1429 In
283 1387 364 1429 ordine
378 1387 569 1429 Praedicatornm
584 1387 644 1429 sicut
659 1387 749 1439 priores
762 1387 914 1439 provinciales
929 1387 964 1429 ita
980 1390 1004 1428 ct

101 1462 190 1514 priores
206 1459 464 1513 conventuales'potius
480 1461 592 1513 capitulis
608 1473 675 1513 quam
692 1455 894 1519 superiorilalicui
910 1472 1004 1512 respon-

100 1538 155 1577 dere
169 1535 300 1577 debebant‘l.
317 1536 354 1577 Ab
368 1547 429 1577 anno
444 1536 499 1577 1283
515 1534 629 1577 scrutinia
644 1519 801 1587 capitulorum
817 1534 1003 1576 conventualium

100 1611 128 1650 de
146 1609 273 1651 retinendis
292 1610 327 1651 vel
345 1609 476 1651 amovendis
494 1609 611 1662 prioribus
629 1608 733 1660 capitulo
751 1607 889 1660 provinciali
906 1607 1003 1650 subicie-

102 1676 203 1725 1111111117.

155 1758 223 1800 Circa
240 1758 346 1811 capitula
362 1760 490 1801 notandum
507 1762 550 1812 est,
568 1760 593 1800 111
611 1761 761 1802 conventibus
778 1750 1002 1813 capitulum'culpa-

99 1845 151 1874 rum
167 1834 301 1885 frequenter
317 1833 457 1875 celebratum
474 1833 555 1886 fuisse,
573 1833 620 1874 imo
638 1834 729 1876 nomine
747 1825 878 1886 quotidiani
895 1837 1001 1876 vocatum

98 1919 155 1959 esse,
172 1907 225 1959 quia
241 1906 346 1959 quotidie
362 1906 411 1949 fieri
426 1907 511 1959 potuit.
529 1907 669 1949 Huiusmodi
685 1907 816 1960 capitulum
831 1910 854 1950 et
869 1908 894 1949 in
909 1908 1002 1960 provin-

97 1980 197 2024 cialibus
210 1983 233 2022 et
247 1980 394 2040 generalibus
406 1980 510 2023 coetibus
524 1976 600 2022 locuin
614 1981 712 2023 habuit³.
729 1972 766 2023 Ad
779 1980 907 2034 capitulum
922 1983 1001 2033 culpa-

98 2065 149 2094 rum
161 2053 253 2107 saepius
264 2041 394 2106 capitulum
406 2055 557 2096 conventuale
569 2067 584 2096 a
595 2055 671 2107 priore
683 2056 828 2096 moderatum
840 2058 942 2096 secutum
955 2047 999 2107 est,

96 2127 158 2178 quod
173 2127 319 2170 consiliarios
335 2127 360 2168 in
376 2128 519 2170 adiutorium
535 2128 620 2180 prioris
629 2128 774 2181 designavit,
791 2130 815 2169 et
831 2129 1001 2170 examinatores

99 2199 282 2250 recipiendorum
298 2201 429 2253 constituit,
446 2202 550 2255 sigillum
565 2202 655 2244 actibus
670 2204 694 2244 11
709 2201 798 2243 litteris
812 2227 841 2233 —
856 2202 932 2255 priore
947 2215 1000 2244 con-

96 2272 254 2314 sentiente-
269 2275 387 2328 apposuit,
405 2268 432 2318 de
447 2275 477 2318 iis
493 2277 589 2330 tractat,
608 2287 664 2328 quae
680 2276 710 2317 ad
727 2277 866 2318 conventum
881 2278 1000 2328 tamquam

96 2347 285 2389 communitatem
300 2352 460 2402 pervenerunt,
476 2349 565 2391 socium
579 2349 664 2402 prioris
679 2349 758 2398 euntis
772 2351 803 2391 ad
817 2341 1000 2402 capitulum'pa-

97 2418 197 2471 riterque
209 2420 268 2461 dnos
281 2423 392 2472 electores
403 2424 490 2475 prioris
502 2423 653 2475 provincialis
665 2423 739 2476 eligit,
753 2422 877 2476 petitiones
891 2424 999 2465 1111111-

97 2492 209 2534 mationes
221 2493 252 2534 ad
265 2495 396 2546 capitulum
409 2497 552 2549 provinciale
566 2497 691 2539 mittendas
705 2497 832 2550 componit,
847 2497 922 2550 ipsum
937 2498 999 2549 prio-

96 2578 143 2608 rem
158 2567 285 2607 conventus
300 2568 383 2619 eligiti.

152 2638 272 2693 Supprior,
285 2639 329 2690 qui
343 2653 357 2681 a
372 2643 449 2694 priore
464 2645 613 2687 conventuali
629 2647 656 2688 de
671 2646 768 2688 consilio
784 2647 935 2689 discretorum
950 2649 999 2689 ira-

95 2717 158 2756 trum
172 2712 318 2764 instituitur,
333 2715 374 2754 sub
390 2716 478 2759 Ioanne
493 2719 619 2761 Teutonico
635 2721 664 2761 ad
680 2732 763 2763 munus
779 2719 895 2764 limitatae
910 2709 998 2774 inspee-

94 2788 168 2829 tionis
181 2787 206 2828 in
221 2788 335 2828 conventu
351 2787 439 2830 maiora
455 2791 535 2833 officia
551 2792 642 2845 recipit,
659 2793 799 2846 inquantum
815 2797 905 2836 mortuo
922 2788 957 2836 vel
974 2806 997 2835 a·

95 2858 158 2903 11010
169 2861 246 2914 111011
258 2859 309 2901 eius
319 2859 380 2907 vices
392 2862 482 2904 obtinet
494 2866 614 2918 tamquam
627 2867 735 2920 supprior
747 2868 773 2908 in
785 2869 888 2919 capitem.
903 2869 996 2919 Tempo-

94 2947 120 2976 re
134 2934 308 2977 reformationis
321 2934 435 2986 regularis
448 2935 636 2980 instituebantur
650 2941 720 2981 multi
734 2941 825 2993 vicarii,
841 2942 880 2993 qui
894 2941 995 2994 particu-

95 3008 182 3052 laribus
195 3008 350 3051 iacultatibus
362 3008 462 3059 praediti
475 3010 526 3050 loco
538 3011 643 3062 priorum
655 3013 702 3054 1110
715 3014 841 3066 aliquando
854 3025 921 3065 super
933 3013 995 3065 prio·
1029 2995 1031 2998 V

93 3093 142 3124 rem
156 3086 179 3124 et
194 3081 382 3124 communitatem
396 3080 492 3122 insimul
507 3083 632 3125 constituti
647 3088 784 3138 regebantfl.
