2101 3187
402 71 496 106 Flvolutio
510 72 608 112 generalis
921 74 965 115 201
983 54 985 56 -

94 273 109 330 ἓ
130 272 164 316 50.
183 273 266 318 Statura
282 274 419 333 capitularia,
434 274 556 332 pontificia,
572 274 704 336 Tridentina
722 274 751 317 de
770 275 920 320 observantia.

128 406 245 463 [tesseram
265 407 424 450 observantiae
443 407 556 460 regularis
576 405 688 460 magister
707 407 832 450 Oaietanus
851 420 904 451 cum
924 420 963 449 ca*

56 480 197 532 pitul'aribus
219 482 365 534 generalibus
386 482 486 528 durante
508 492 549 523 suo
570 481 683 534 regimine
703 480 803 522 maxime
824 481 957 535 paupertati

54 554 175 606 religiosae
191 555 325 609 applicavit,
357 557 410 596 dun
425 555 488 596 vitae
514 554 621 609 privatae
651 559 674 597 et
688 556 777 596 formae
807 555 962 608 proprietatis

55 630 173 681 tamquam
194 624 341 681 disciplinam
363 632 386 670 et
407 628 517 681 spiritum
537 629 667 682 regularem
688 629 851 671 enervantibus
872 630 958 671 bellum

54 702 302 752 indicebat11r1.ouod
319 715 348 743 ex
365 702 463 754 capituli
480 703 593 755 generalis
611 703 668 745 anni
685 703 738 745 1508
757 703 913 746 declaratione
931 706 961 746 de

54 776 130 818 animo
144 776 305 828 religiosorum
320 777 419 828 ponendi
434 778 513 819 omnia
527 779 556 819 ad
567 779 640 834 ¹pedes
655 777 823 829 0110111101111112
839 778 906 821 etde
921 780 962 820 ab-

54 851 168 891 solutionc
186 850 373 892 beneficiatorum
389 852 501 892 fratrum3
519 851 576 893 satis
591 852 695 892 constat.
714 851 851 893 Beneficiati
869 864 962 904 quoque·

53 925 85 965 ad
103 924 177 965 offitia
198 925 311 967 inhabiles
333 925 473 966 censentur.
496 926 594 976 Insuper
615 924 715 977 vagandi
736 925 833 967 libertas
854 925 958 967 cohibita

53 1001 87 1039 est
106 998 215 1038 ordinato
234 1013 245 1038 11
255 1010 284 1039 ne
303 997 355 1051 quis
374 1000 440 1040 extra·
459 999 560 1057 ordinem
579 999 717 1041 commorari
736 1000 823 1041 audeat
840 1011 882 1052 pro
903 1011 957 1051 qua-

52 1083 147 1124 cumque
163 1072 253 1114 ratione
269 1073 304 1114 vel
320 1073 412 1125 negotio
428 1072 529 1125 exceptis
545 1072 715 1115 confessoribus
732 1072 864 1126 principum
880 1074 904 1114 01
920 1072 961 1113 his

53 1146 92 1198 qui
109 1147 136 1189 de
155 1145 250 1187 licentia
277 1146 366 1187 ordinis
385 1148 514 1198 sequuntur
530 1145 606 1188 curias
625 1146 757 1199 principum
768 1148 798 1187 »⁵.
827 1147 957 1199 Praecipua

52 1231 107 1260 cura
122 1220 149 1261 de
164 1220 312 1262 studentibus
327 1220 382 1261 ordo
397 1220 518 1272 vigilabat,
533 1232 560 1262 ne
574 1221 599 1262 in
615 1220 808 1262 universitatibus
823 1223 890 1262 extra
905 1233 961 1262 con-¹

52 1296 132 1334 ventus
149 1290 255 1345 proprios
271 1294 398 1346 degerent⁶.
442 1314 443 1317 =

107 1367 171 1408 Haec
191 1358 244 1409 idea
263 1379 290 1408 ac
311 1367 346 1409 vis
367 1367 536 1420 reformatoria,
559 1378 617 1420 quae
638 1368 741 1409 ordinem
762 1369 889 1421 animabat,
913 1380 960 1420 pro

53 1441 225 1496 provinciarum
245 1444 269 1482 et
290 1441 496 1493 congregationum
517 1441 565 1483 vita
587 1441 666 1493 plures
688 1442 788 1483 eftectus
810 1439 956 1484 mutationis

23 1536 25 1540 ,
51 1515 168 1567 produxit.
186 1516 267 1557 Potior
281 1527 337 1567 pars
354 1515 538 1568 congregationis
554 1515 699 1561 hollandicae
714 1517 770 1567 post
785 1516 853 1557 huius
870 1515 956 1562 discer-

51 1588 152 1641 ptionem
172 1600 187 1629 a
207 1599 258 1641 rege
277 1589 391 1630 Franciae
411 1590 499 1630 iactam
519 1589 543 1629 in
563 1587 706 1641 provinciam
727 1590 877 1630 reformatam
899 1589 955 1630 Ger-

51 1661 141 1703 maniae
161 1662 279 1704 inierioris
299 1674 362 1704 anno
383 1663 436 1704 1515
457 1664 533 1705 erecta
553 1663 608 1715 est⁷‚
631 1662 692 1705 sicut
712 1665 737 1704 et
758 1664 840 1715 postea
860 1674 955 1716 congre-

52 1735 116 1788 gatio
136 1735 258 1788 hispanica
279 1738 368 1778 statum
389 1735 521 1788 provinciae
541 1737 682 1781 reformatae
703 1736 833 1796 assumpsit
851 1738 878 1777 et
900 1748 953 1777 con·

49 1809 153 1862 gregatio
182 1810 341 1852 observantiae
360 1809 492 1863 Alagoniae
508 1810 533 1851 in
551 1809 703 1862 respectivam
721 1809 863 1861 provinciam
882 1810 959 1850 reion-

49 1886 135 1924 matam
151 1883 252 1936 transiit
280 1884 457 1936 congregatione
482 1882 595 1925 Franciae
611 1884 636 1924 in
651 1881 794 1934 provinciam
819 1882 955 1923 Occitanam

49 1957 102 1998 1569
117 1958 227 1999 mutatam.
244 1957 370 1999 Mandante
384 1957 488 2008 capitulo
503 1957 605 2009 generali
620 1957 674 1998 1539
687 1957 774 1998 tratres
789 1956 891 2009 Hispani
906 1955 955 2007 qni-

50 2032 101 2071 dam
118 2031 148 2072 ad
166 2031 336 2073 observantiam
353 2034 377 2072 in
395 2030 530 2072 Lusitaniae
547 2029 637 2071 ditione
653 2028 821 2071 restituendam
838 2028 954 2080 assignati

50 2103 121 2145 sunu.
144 2106 173 2145 In
193 2104 313 2157 provincia
333 2092 458 2145 [teutoniae
478 2101 761 2145 reformationiaddicta.
784 2101 958 2143 Oonventuales-

48 2177 204 2219 minoritatem
218 2179 385 2220 constituentes
398 2178 423 2219 in
436 2176 614 2229 congregatione
627 2175 766 2227 particulari
780 2175 953 2227 adunabantur,

49 2263 105 2304 quae
118 2251 222 2293 instante
237 2252 349 2294 Caietano
363 2253 424 2304 apud
438 2252 535 2292 Leonem
548 2251 565 2290 X
579 2249 634 2290 1518
650 2249 739 2302 (utique
754 2251 784 2291 ad
798 2252 889 2301 tempus
905 2249 957 2301 qui-¹

49 2326 105 2376 dem)
123 2336 247 2376 suppressa
263 2326 320 2367 est1⁰
338 2357 343 2366 .
361 2326 427 2367 Anno
444 2325 521 2366 eodem
537 2322 685 2376 congregatio
701 2323 764 2365 vitae
781 2323 894 2376 regularis
911 2323 953 2363 Hi-

48 2398 139 2441 berniae
155 2399 230 2439 denuo
245 2400 328 2452 agnita
343 2402 378 2442 est
393 2402 417 2441 et
433 2398 525 2442 Scotiae
539 2397 673 2453 propinciae
687 2396 823 2443 reformatio
839 2398 957 2449 approba--

48 2474 101 2516 tall.
120 2473 190 2525 Apud
207 2472 295 2524 Anglos
314 2473 388 2514 similo
407 2484 465 2524 opus
483 2471 575 2514 nonnisi
594 2471 649 2512 1529
666 2471 796 2523 incoepitffl.

102 2548 130 2588 In
150 2545 223 2587 Italia·
241 2547 401 2588 observantiae
421 2545 562 2588 instauratio
583 2546 646 2596 apud
667 2546 689 2587 S.
712 2544 814 2588 Mariam,
831 2544 953 2585 Novellam

47 2620 181 2663 Florentiae
193 2617 279 2672 pluries
295 2619 486 2663 1110011110110111113
502 2620 607 2662 Olemens
622 2620 697 2661 Vlla
713 2617 871 2660 cardinalibus
888 2616 957 2659 Gaio--

48 2698 103 2737 tano
119 2697 143 2736 et
160 2694 188 2735 de
204 2693 336 2744 Schdnberg
353 2693 457 2735 consiliis
474 2695 556 2735 auctus
574 2693 653 2735 eodem
669 2695 772 2743 tempore
790 2693 811 2733 et
829 2702 953 2743 congrega-

48 2769 134 2811 tionem
154 2769 177 2810 S.
198 2766 269 2808 Marci
288 2767 312 2807 01
330 2751 473 2816 provinciam
493 2769 620 2809 Romanam
640 2763 786 2818 supprimens
806 2777 832 2807 ex
852 2766 955 2815 utraque

48 2843 135 2885 ditione
148 2853 219 2883 unam
232 2838 374 2892 provinciam
397 2840 525 2881 Romanam
547 2841 696 2881 reformatam
721 2836 952 2880 ann0153llconsti-

46 2917 99 2959 tuit.
113 2917 149 2957 Ex
162 2913 338 2967 congregatione
349 2912 491 2954 lombardica
503 2913 634 2965 provincias
647 2913 703 2954 duas
715 2904 854 2954 reformatas
868 2913 891 2953 S.
906 2912 951 2951 Do-

47 2991 125 3032 minioi
143 2992 168 3032 et
187 2990 210 3032 S.
230 2987 294 3031 Petri
314 2986 424 3040 Martyris
443 2986 530 3038 erigere
548 2989 610 3029 idem
630 2987 733 3029 Clemens
753 2988 817 3037 Papa
836 2984 868 3024 in'
880 2983 953 3023 initio·
