2188 3178
102 127 129 167 70
443 128 536 163 Elvolutic
550 130 648 171 generalis

101 266 144 307 pro
165 256 268 306 tempore
289 254 534 297 commorantibus-ob
556 255 698 308 singularem
719 256 862 298 devotionem
884 271 952 311 quam
973 263 1003 304 ad

102 330 206 371 ordinem
219 330 302 382 gerunt
315 329 460 371 antedictum
472 328 636 384 possessiones,
651 331 737 384 domos,
753 343 835 373 census
847 334 871 373 et
884 333 931 375 alia
944 335 1004 377 bona

102 403 229 445 immobilia
244 403 423 445 testamentaria
438 402 590 456 dispositione
606 404 762 458 relinquerent
778 406 812 448 vel
828 406 899 447 etiam
914 407 939 448 in
955 408 1004 450 vita

101 479 222 529 donarent,
239 489 296 529 quae
310 489 347 520 res
361 478 452 519 cederet
466 477 490 518 in
505 489 612 530 magnam
628 479 743 521 dictorum
757 481 858 522 fratrum
874 482 1003 524 subventio-

100 569 152 598 nem
165 559 189 597 et
201 555 247 608 ipsi
260 556 342 598 exinde
356 556 442 599 studiis
454 555 595 597 commodius
610 568 691 598 viacare
705 561 728 599 ct
742 558 816 599 cultui
830 557 907 599 divino
921 558 1003 599 arden-

100 632 148 674 tius
159 631 280 673 intendere
291 632 420 674 valerent...
434 630 542 673 Generali
554 631 674 683 praedicto
685 644 713 673 ac
724 632 841 684 prioribus
854 633 876 673 et
888 632 1003 674 iratribus

100 708 220 749 dornorum
233 708 291 750 dicti
303 708 392 750 ordinis
404 707 565 760 praesentibus
577 710 600 749 et
612 708 703 750 tuturis
715 711 775 761 quod
788 708 949 761 possessiones,
964 706 1003 749 do-

100 794 157 835 mos,
176 795 260 826 census
276 786 299 825 et
315 783 364 824 alia
380 773 508 824 immobilia
526 784 586 823 bona
603 781 636 825 eis
654 784 677 824 et
694 782 798 835 ipsorum
816 782 921 824 domibus
937 793 1002 834 prae-

100 857 171 899 dictis
183 857 223 909 pia
236 856 337 898 fidelium
349 856 474 909 largitione
485 855 548 897 inter
560 855 625 897 vivos
635 856 672 897 vel
683 868 754 898 causa
767 858 849 898 mortis
863 857 948 898 donata
960 858 1002 897 aut

101 930 278 973 testamentaria
295 930 447 986 dispositione
464 929 550 983 largita
567 929 603 971 vel
614 917 680 971 'alias
696 930 779 972 relicta
796 934 820 972 et
837 942 894 983 quae
911 930 944 972 eis
960 941 1002 982 pro

101 1007 204 1057 tempore
222 1005 304 1046 donari
321 1004 421 1058 relinqui
439 1016 479 1045 seu
497 1003 570 1058 legari
587 1003 712 1056 contigerit
730 1016 772 1056 pro
790 1004 893 1046 subsidio
911 1004 1003 1057 studen-

101 1080 160 1121 tium
173 1082 197 1121 et
208 1079 308 1120 aliorum
320 1079 354 1121 eis
364 1077 547 1120 incumbentium
560 1089 654 1118 onerum
668 1077 852 1131 supportatione,
867 1078 891 1119 in
904 1089 1003 1119 commu-

100 1153 126 1194 ni
140 1155 163 1195 ct
177 1165 223 1194 non
237 1152 307 1194 aliter
321 1152 421 1194 retinere
434 1157 461 1193 ac
475 1151 517 1193 illa
531 1163 573 1203 per
588 1151 732 1204 deputandos
747 1152 776 1192 ab
791 1151 824 1193 eis
838 1151 1002 1193 administrare

101 1226 173 1270 libere
193 1230 216 1268 et
236 1226 301 1268 licite
321 1226 414 1268 valeant
434 1225 576 1267 auctoritate
597 1224 725 1277 apostolica
746 1225 825 1266 tenore
846 1224 1002 1276 praesentium

100 1300 246 1343 concedimus
259 1302 282 1342 et
293 1300 447 1352 indulgemus.
461 1300 513 1341 Non
526 1298 675 1340 obstantibus
686 1298 893 1340 constitutionibus
906 1302 930 1340 et
942 1298 1002 1340 ordi-

99 1374 234 1417 nationibus
251 1373 387 1426 apostolicis
402 1385 429 1415 ac
446 1373 594 1426 regularibus
608 1372 727 1414 institutis
744 1371 801 1413 dicti
818 1372 914 1426 ordinis,
934 1373 1003 1424 quod·
1037 1406 1038 1412 ,

100 1466 143 1506 que
156 1454 203 1506 ipsi
216 1443 375 1496 llendicantes
389 1453 553 1506 nuncupentur
567 1455 590 1494 et
605 1452 652 1493 sint
666 1463 693 1493 ac
707 1464 735 1493 ex
749 1452 839 1493 incerta
853 1451 1002 1493 mendicitate

99 1528 167 1570 iuxta
180 1528 236 1569 illas
249 1528 325 1569 vivere
338 1528 437 1569 debeant
447 1541 466 1568 a.
482 1528 528 1569 Per
542 1528 609 1568 breve
624 1525 704 1568 Sintiis
719 1527 754 1567 IV
769 1525 896 1567 declaravit
912 1537 922 1564 c
933 1527 960 1566 ut
975 1525 1003 1566 de

99 1601 204 1654 pecuniis
219 1601 335 1644 fratribus
350 1603 373 1642 et
388 1600 493 1650 domibus
508 1601 596 1642 nostris
610 1600 703 1642 collatis
718 1603 779 1643 bona
794 1602 890 1643 stabilia
905 1615 945 1654 per
961 1615 1003 1645 nos

100 1675 143 1716 emi
158 1674 249 1727 possint
260 1689 279 1715 u.
295 1675 388 1716 Bullam
400 1676 424 1716 et
436 1675 503 1716 breve
517 1673 578 1716 Sinti
592 1675 635 1716 IV4
649 1667 716 1727 grato
729 1675 808 1717 animo
820 1675 846 1716 in
859 1675 939 1718 ordine
952 1678 1002 1718 toto

101 1756 124 1795 et
142 1753 167 1794 in
185 1752 288 1806 capitulo
306 1753 409 1806 generali
426 1753 539 1795 Perusino
557 1754 611 1795 1478
630 1756 804 1806 agnoscuntur.
825 1755 924 1807 Insuper
942 1754 1002 1796 idem

100 1828 166 1879 Papa
179 1829 202 1868 et
215 1839 278 1868 mare
292 1839 408 1880 magnum,
424 1827 484 1879 quod
497 1827 562 1869 bulla
577 1840 588 1867 u
598 1839 669 1868 aurea
680 1841 691 1867 u
706 1830 857 1879 nuncupatur
870 1829 898 1870 ob
912 1829 1002 1880 pondus

100 1906 238 1958 gratiarum,
259 1906 381 1948 ordinibus
398 1906 589 1948 Praedicatorum
608 1908 631 1948 et
651 1906 767 1947 Minorem
786 1905 888 1947 tribuitl.
909 1905 1002 1946 Bullam

100 1996 194 2026 auream
209 1985 279 2026 nimis
294 1985 481 2027 Mendicantibus
493 1986 610 2027 faventem
625 1984 730 2027 nocivam
745 1983 824 2036 potius
839 1995 906 2035 quam
922 1983 1002 2024 utilem

100 2058 172 2101 fuisse
184 2058 258 2111 aliqui
270 2061 373 2111 putant⁷.
393 2086 394 2089 =

155 2153 191 2192 Ex
205 2151 339 2204 magisterio
354 2152 418 2194 salvi
433 2153 528 2194 Oasetta
541 2153 617 2195 ,Siculi
633 2154 756 2205 (14ι81ᾎ83)Β
771 2155 887 2197 notandae
901 2159 956 2199 sunt
970 2157 1002 2198 vi-

54 2256 55 2259 ,
100 2225 181 2267 sitatio
194 2228 348 2267 conventuum
360 2228 384 2267 et
397 2226 590 2268 monasteriorum
603 2227 742 2269 Germaniae
754 2229 778 2268 et
791 2227 869 2270 missio
882 2229 1001 2281 pontificio

100 2303 165 2345 iussu
181 2295 266 2346 ibidem
282 2305 407 2358 implenda,
426 2307 450 2347 et
466 2306 542 2358 prima
559 2294 697 2347 documenta
714 2305 851 2358 generalitia
868 2309 895 2350 de
912 2309 1001 2351 rosario

100 2383 194 2435 eiusque
209 2385 384 2436 propagatione.
403 2385 534 2437 Antequam
551 2386 647 2427 Oasetta
664 2386 742 2426 urbem
760 2384 861 2439 reliquit,
880 2387 957 2427 ordini
974 2387 1002 2429 de
1021 2389 1023 2393 ⁴

101 2456 219 2508 superiore
234 2457 357 2509 providens
372 2470 418 2499 non
434 2458 547 2500 vicarium
561 2458 676 2509 instituit,
694 2459 733 2500 sed
749 2458 864 2510 fratribus
878 2462 902 2502 et
918 2459 1002 2502 sorori·

101 2532 144 2572 bus
161 2531 298 2585 notificavit,
318 2532 460 2574 cardinalem
478 2534 632 2585 protectorem
651 2530 778 2573 Oliverium
795 2532 881 2575 Oaraia
899 2545 941 2586 pro
960 2545 1003 2576 suo

102 2604 192 2656 quidem
201 2604 226 2646 in
235 2605 338 2647 ordinem
348 2617 425 2647 amore
435 2606 572 2658 gubernium
582 2604 698 2657 suscipere
707 2605 806 2648 durante
815 2606 922 2648 absentia
931 2606 1002 2659 magi-

102 2682 162 2724 sur.
177 2684 227 2733 Qua
239 2687 355 2736 potestate
366 2685 411 2727 tali
423 2687 490 2727 modo
502 2685 621 2726 translata
633 2695 679 2724 non
691 2684 765 2726 solum
778 2685 883 2727 extranei
895 2684 929 2726 rei
942 2684 1002 2727 ordi-

100 2762 138 2804 nis
150 2763 309 2815 praeiuerunt,
323 2763 445 2805 sedetiam
457 2765 526 2816 porta
538 2763 569 2804 ad
580 2761 736 2805 immixtiones
749 2764 924 2816 qualescumque
936 2763 1002 2805 latis-

100 2841 158 2883 sime
168 2840 253 2893 patuit.
267 2842 365 2884 Ineunte
377 2841 542 2894 angust01482
554 2839 664 2893 magister
676 2841 771 2883 Oasetta
782 2843 900 2895 proiectus,
913 2844 947 2882 est
959 2843 1001 2884 Ve-

99 2917 185 2972 netias,
200 2919 254 2960 inde
268 2920 429 2973 Aenipontem,
447 2919 571 2971 Basileam,
588 2919 707 2961 Coloniam
722 2920 762 2963 ubi
777 2914 872 2961 insimul
888 2913 939 2961 cum
954 2932 1001 2962 ma-

99 2999 181 3053 gistris
198 2997 359 3039 universitatis
369 2989 399 3039 et
415 2992 498 3050 magno
516 2998 626 3039 confluxu
644 2998 746 3040 fidelium
764 3009 847 3049 corpus
864 2999 891 3039 B.
910 2999 1001 3041 Alberti

98 3072 225 3115 elevavitll.
