2101 3187
311 50 419 83 Choracter
429 51 449 84 et
460 50 579 85 mornentnrn
590 49 609 83 S.
622 50 720 83 Dominici
934 51 961 91 15

55 176 155 217 minicus
176 186 260 227 parens
282 163 445 225 cuiuscumque
466 173 554 215 ordinis
576 172 679 229 religiosi
700 174 824 225 apostolici
846 176 892 217 diei
914 189 958 218 me-

56 250 131 292 ruitlf.

111 325 172 365 Dum
186 323 292 365 omnibus
306 322 396 364 viribus
408 334 518 374 personae
533 334 595 370 suae,
611 322 728 363 indefessa
742 323 867 365 alacritate
882 325 906 365 et
920 335 960 375 ap-

53 397 189 451 plicatione,
207 397 347 438 fortitndine
364 396 442 448 frangi
459 397 543 448 nescia,
563 396 740 437 nransuetndine
758 400 781 438 et
799 396 960 440 misericordia

53 470 207 523 compassiva,
228 470 292 511 suavi
311 470 466 523 persuasione,
487 462 645 512 consolatione
664 470 727 512 dulci
746 470 849 512 homines
869 473 893 512 et
912 471 959 512 fra-

57 558 103 588 ncs
115 557 169 587 suos
180 545 341 599 adOhristum
353 545 446 598 eiusque
458 545 578 587 servitium
591 547 615 586 et
626 544 744 586 Ecclesiae
757 546 871 597 sequelam
884 545 959 587 traxit

53 623 78 662 et
90 618 232 672 animavit-1⁷,
246 631 302 671 prae
314 618 428 672 obsequiis
442 619 490 661 suis
503 619 620 661 Ecclesiae
633 617 754 671 praestitis
767 618 817 670 ipse
830 619 959 661 subiectiva

54 695 107 735 iura
123 694 293 735 transformans
306 694 337 735 ad
351 693 494 746 institutum,
511 692 549 734 cni
564 704 588 735 se
602 692 754 745 consecravit,
770 693 817 746 ipsi
832 694 957 748 Ecclesiae,

53 767 181 809 obiectivus
193 770 259 808 totus
270 767 386 808 elucescit.
401 769 473 809 Suum
485 767 553 808 finem
565 770 589 808 et
601 766 742 816 industriam
755 767 851 819 perenni
864 767 958 809 manda-

53 845 78 884 to
95 840 213 882 Ecclesiae
228 837 308 892 nempe
323 840 415 882 animas
430 840 543 886 salvandi,
560 839 734 882 conformarit¹³
751 840 891 883 Franciscus
908 853 958 894 per-

42 906 180 967 sonalitate
198 927 240 955 sna
256 914 416 956 admirabilem
433 914 550 955 influxum
567 914 678 966 exercuit,
697 913 833 956 Dominicus
851 926 879 956 ex
896 914 956 967 idea,

55 988 136 1029 mediis
150 990 174 1029 et
189 988 296 1041 operibus
311 987 446 1040 apostolicis
460 987 626 1029 alletoritatem
641 989 728 1029 famam
744 990 767 1029 et
783 999 902 1030 successus
918 1000 958 1030 na-

52 1065 105 1104 ctus
119 1063 162 1103 est.

109 1135 177 1177 (terte
192 1147 220 1176 ex
235 1135 354 1177 elementis
369 1135 537 1188 multiplicibus
553 1135 741 1185 charactereins
755 1137 856 1177 constat
865 1138 891 1176 at
907 1136 958 1176 uni-

52 1210 126 1250 tatem
138 1211 162 1250 et
173 1208 362 1251 informationem
374 1221 415 1261 per
427 1210 500 1250 zelum
512 1208 597 1250 salutis
609 1208 741 1250 animarum
753 1208 878 1261 recipiunt.
893 1210 958 1251 Haec

51 1282 180 1335 complexio
190 1283 329 1334 apostolum,
342 1282 381 1335 qui
391 1282 498 1324 omnibus
507 1282 584 1323 omnia
595 1294 644 1331 csse
655 1282 753 1323 debebat
764 1284 791 1323 ut
802 1294 880 1324 omnes
892 1283 958 1324 Ohri-

53 1359 89 1397 sto
107 1355 262 1409 lucrifaceret,
281 1356 350 1407 plane
367 1356 451 1397 decuit.
470 1355 608 1408 Benignitas
623 1357 647 1396 et
664 1355 700 1397 vis
715 1354 873 1407 fortitudinis,
891 1368 957 1397 amor

52 1429 126 1471 studii
144 1432 168 1470 et
187 1429 314 1482 applicatio
332 1430 363 1471 ad
381 1429 503 1481 actionem,
525 1440 628 1470 summus
646 1429 732 1482 gradus
751 1429 957 1482 contemplationis

51 1502 76 1544 e't
90 1495 202 1544 securitas
216 1505 285 1555 atque
298 1503 441 1555 experientia
454 1514 491 1543 res
505 1505 528 1543 et
541 1514 652 1554 personas
666 1501 804 1554 disponendi
817 1504 873 1555 apte
886 1503 917 1544 ad
932 1503 956 1543 ii-

52 1587 111 1629 nem,
127 1576 277 1627 profunditas
292 1589 319 1617 ac
333 1576 430 1618 claritas
445 1575 530 1617 mentis
544 1578 567 1617 et
582 1577 676 1617 ubertas
692 1577 813 1617 verborum
829 1577 913 1619 ardens
929 1589 957 1618 ac

50 1649 153 1703 copiosa
171 1650 278 1691 doctrina
294 1650 385 1702 egregia
402 1653 425 1691 et
441 1649 489 1691 vita
505 1649 643 1701 exemplaris
659 1649 684 1689 in
701 1661 772 1709 tinam
787 1649 956 1691 validissimam

51 1723 179 1773 spretiano
197 1726 288 1775 coeunt,
308 1735 353 1776 qua
371 1724 394 1765 S.
414 1722 549 1764 Dominicus
568 1723 674 1764 maximis
694 1723 812 1765 Ecclesiae
829 1723 887 1765 viris
905 1724 957 1765 iure

50 1780 236 1838 adriumeraturs
247 1797 311 1838 Haeo
330 1797 417 1850 unitas,
438 1808 482 1849 qna
501 1798 568 1848 pater
587 1795 779 1838 Praedicatorum
798 1797 910 1849 pollebat,
930 1797 956 1838 in

53 1869 108 1911 filiis
122 1869 170 1912 suis
185 1870 275 1921 pariter
289 1871 427 1922 exprimitur
441 1862 476 1911 ita
491 1870 582 1922 quidem
597 1873 624 1911 ut
640 1870 677 1910 sui
691 1869 823 1911 imitatores
838 1882 866 1911 ex
882 1870 957 1912 radiis

48 1941 158 1992 plurimis
173 1943 239 1995 quasi
252 1943 277 1984 in
290 1944 402 1996 prismate
415 1943 499 1984 fractis
512 1955 583 1984 rinirm
597 1943 634 1984 vel
647 1943 719 1984 alium
733 1944 873 1995 particulari
888 1944 955 1986 modo

50 2019 232 2065 repraesentent.
248 2018 350 2069 Insignis
363 2029 427 2059 amor
440 2019 463 2059 et
475 2017 542 2069 copia
555 2016 628 2058 strrdii
642 2016 702 2058 sacri
714 2016 740 2057 in
753 2018 780 2058 B.
795 2017 892 2058 Alberto
906 2018 956 2059 Ma-

49 2098 95 2138 gno
109 2091 132 2129 et
147 2091 170 2130 S.
185 2091 272 2131 Thema
286 2092 313 2132 de
326 2091 425 2143 Aquino
440 2090 465 2130 in
480 2091 503 2133 S.
519 2091 646 2142 Arrionino,
662 2090 687 2130 in
701 2090 813 2132 Caietano
829 2093 853 2132 et
867 2092 955 2133 Ioanne

49 2171 66 2199 a
79 2160 102 2201 S.
116 2162 202 2204 [thoma
215 2164 489 2214 continuabitur.‹Verba
502 2163 683 2215 praedicationis
696 2164 756 2204 mira
769 2163 846 2216 viper
860 2166 884 2206 S.
898 2164 955 2206 Vin-

52 2233 153 2274 centium
174 2236 266 2290 Ferrer,
289 2238 456 2289 Hieronymum
478 2237 628 2289 savonarola,
651 2237 778 2278 Henrieum
800 2237 949 2279 Dominicum

50 2303 189 2349 Lacordaire
201 2309 357 2352 iteralumtur.
372 2313 401 2352 In
413 2310 561 2352 missionibus
573 2301 706 2363 longinquis
719 2311 867 2362 Hyacinthus
880 2312 905 2353 id
918 2324 955 2353 ex-

49 2377 129 2428 plerit,
145 2380 175 2420 ad
190 2384 249 2432 quod
264 2385 399 2427 Dominiens
413 2396 501 2436 semper
516 2383 653 2436 adspiravit.
670 2386 699 2425 In
714 2396 738 2426 re
753 2384 855 2426 ascetica
869 2387 893 2426 et
908 2397 955 2437 my-

49 2450 110 2491 'Siiss'a
125 2452 152 2490 B·
169 2444 285 2501 thricus
301 2459 370 2500 Seuse
385 2460 408 2499 et
424 2459 448 2506 S„
465 2458 592 2499 Catharina
608 2457 768 2499 heroicitatem
784 2461 807 2499 et
824 2458 954 2511 gratiarum

51 2524 218 2576 plenitudinem
232 2530 307 2578 patris
322 2531 413 2584 legiferi
428 2532 593 2584 qrrodammodo
609 2531 721 2572 recolunt.
739 2532 767 2572 In
783 2532 864 2574 ordine
879 2533 954 2574 mode-

48 2599 123 2639 rando
140 2599 163 2638 et
180 2599 303 2644 evolvendo
321 2617 462 2648 successores
481 2606 503 2648 S.
523 2605 639 2646 Dominici
656 2605 682 2644 in
699 2605 833 2657 magisterio
852 2606 954 2658 generali

51 2672 165 2713 lordanus
177 2671 204 2712 de
217 2671 326 2727 baronia,
339 2680 489 2729 Raymundus
502 2679 529 2719 de
540 2680 677 2730 Pennafort,
691 2680 791 2720 Ioannes
804 2679 952 2738 Teutonicus7

51 2746 194 2786 Hnmbertns
209 2745 237 2785 de
252 2746 361 2802 Romans,
380 2753 478 2793 Ioannes
495 2764 508 2793 a
524 2752 638 2793 Vercellis
654 2752 763 2804 spiritum
781 2755 804 2793 et
820 2753 953 2794 methodum

48 2822 125 2870 ‘patris
145 2818 285 2859 hereditasse
305 2822 421 2866 videntur.
445 2827 473 2867 In
494 2825 597 2867 Ecclesia
619 2826 763 2867 defendenda
783 2829 807 2867 et
828 2817 953 2868 exaltanda

50 2893 106 2933 Pius
120 2895 148 2945 V,
164 2893 189 2932 in
203 2894 359 2945 compa-ssione
373 2910 425 2957 cnm
439 2899 539 2940 miseriis
553 2898 653 2952 proximi
667 2899 862 2942 Bartholomaeus
876 2901 903 2942 de
917 2900 953 2940 las

47 2965 121 3007 Casas
136 2966 242 3007 emicant.
