2167 3159
55 994 57 997 ·
87 983 154 1023 modo
172 981 313 1034 proponendi
329 993 384 1034 rem,
402 981 427 1023 id
444 985 480 1024 est
496 985 523 1024 de
540 982 717 1035 opportunitate
733 982 862 1034 compendii
879 983 991 1025 historiae

87 1057 176 1098 ordinis
191 1056 294 1108 quaestio
308 1055 391 1097 oritur.

143 1130 251 1171 Brevitas
269 1129 360 1181 quidem
380 1116 457 1182 operis
476 1133 499 1171 et
519 1130 593 1182 ipsius
614 1130 737 1171 historicae
757 1121 908 1183 inspectionis
929 1131 991 1173 eirca

87 1215 125 1245 ros
137 1206 213 1256 gestas
225 1195 314 1244 ordinis
325 1203 402 1244 nostri
415 1204 479 1245 iavet
491 1206 542 1245 tum
554 1204 610 1257 illis,
626 1204 665 1256 qui
677 1204 702 1244 in
714 1204 785 1246 variis
799 1204 906 1257 partibus
920 1204 991 1246 histo-

87 1277 136 1319 riae
149 1277 237 1319 ordinis
250 1281 306 1319 sunt
319 1277 397 1329 periti,
414 1280 439 1319 ut
454 1278 528 1330 magis
542 1278 617 1319 lineas
631 1278 749 1330 generales
761 1280 785 1319 et
798 1278 914 1319 factorum
929 1277 991 1319 inter

86 1362 110 1391 se
130 1363 202 1392 nexus
223 1363 278 1403 prae
298 1350 450 1395 multitudine
471 1351 626 1404 singularium
647 1354 769 1393 eventuum
790 1364 818 1393 ac
838 1363 990 1404 personarum

86 1425 224 1478 percipiant,
237 1427 287 1466 tum
299 1424 355 1476 iliis,
370 1424 409 1477 qui
421 1425 600 1466 instructionem
613 1426 640 1467 de
652 1425 751 1467 historia
764 1425 852 1467 ordinis
865 1428 988 1478 quaerunt,

87 1501 113 1540 nt
134 1498 288 1554 cognitionem
309 1498 442 1539 ordinatam
463 1502 486 1540 et
507 1500 680 1550 systematicam
701 1499 813 1541 historiae
834 1499 924 1540 ordinis
945 1498 990 1540 sibi

85 1573 204 1624 acquirere
217 1573 314 1625 possint.

141 1646 279 1699 Ceteroquin
291 1659 356 1687 nemo
368 1646 443 1697 ipsam
455 1647 616 1688 necessitatem
628 1647 663 1688 101
676 1646 803 1688 utilitatem
815 1646 990 1699 compendiosae

84 1722 237 1774 expositionis
251 1723 278 1763 de
291 1720 391 1763 historia
404 1721 553 1763 dominica-na
566 1722 690 1763 infitiatur.
707 1723 757 1763 Iino
770 1723 795 1763 in
808 1722 911 1774 capitulo
926 1733 990 1773 gene-

86 1796 131 1836 rali
149 1779 288 1836 Veulonensi
306 1807 366 1836 anno
384 1796 439 1838 1913
459 1797 489 1848 (p.
509 1797 557 1847 205,
576 1807 599 1836 n.
618 1796 667 1846 191)
686 1779 824 1837 non'solum
842 1794 989 1848 commissum

85 1870 132 1910 fnit
147 1882 158 1909 1
169 1881 227 1910 rano
240 1869 351 1921 magistro
365 1868 455 1910 ordinis
469 1872 496 1910 ut
509 1869 591 1910 confici
605 1872 713 1921 procuret
727 1870 755 1911 ab
769 1869 847 1921 aliquo
861 1861 888 1910 ex
902 1868 990 1909 nostris

85 1943 192 1984 manuale
205 1942 316 1984 historiae
328 1942 402 1983 totius
416 1943 505 1984 ordinis
517 1957 527 1983 1
542 1942 704 1985 verumetiam
721 1942 784 1995 (ibid.
800 1955 822 1995 p.
837 1944 885 1989 203.
900 1955 923 1983 n.
938 1942 1001 2002 1831

84 2017 226 2068 ordinatum,
244 2029 255 2056 1
266 2018 292 2057 nt
307 2016 331 2056 in
347 2028 490 2068 quocumque
505 2017 584 2057 studio
600 2016 690 2057 ordinis
704 2016 861 2058 instituantur
877 2016 988 2057 lectiones
1012 2033 1015 2041 ·

84 2091 112 2131 de
127 2089 226 2131 historia
239 2090 328 2131 ordinis
343 2089 419 2131 nostri
430 2105 449 2131 11.
466 2090 529 2132 Huic
543 2093 638 2142 patrum
652 2089 817 2142 capitularium
832 2089 950 2133 voluntati
965 2091 988 2130 et

68 2195 69 2198 ¹
84 2164 174 2205 ordinis
187 2163 300 2205 desiderio
313 2164 472 2205 obsecundans
486 2176 559 2206 rmus
572 2175 595 2215 p.
611 2163 740 2215 Theissling
754 2177 781 2205 ex
795 2176 855 2205 anno
869 2164 924 2205 1921
938 2174 988 2203 cur-

84 2248 136 2278 sum
158 2237 269 2279 historiae
289 2237 382 2278 ordinis.
399 2237 423 2277 iu
445 2237 549 2290 (1011ος10
570 2237 681 2289 Angelico
703 2237 730 2277 de
751 2239 812 2279 Urbe
836 2239 871 2289 [nt
892 2236 987 2278 nonnisi

83 2312 188 2354 studium
205 2313 310 2352 nostrum
326 2310 464 2362 primarium
480 2311 575 2362 citetur)
594 2310 700 2352 instituit
717 2313 740 2351 et
756 2323 829 2353 rmus
846 2323 868 2363 p.
887 2311 987 2352 Paredes

83 2386 191 2426 manuale
209 2384 320 2426 historiae
338 2377 428 2425 ordinis
446 2385 618 2436 compilandum
638 2383 745 2425 decrevit.
766 2385 867 2425 Tandem
885 2396 944 2425 nmo
963 2394 985 2434 p.

82 2458 155 2500 (111101
170 2458 273 2500 ordinem
287 2459 437 2512 gubernante,
453 2459 535 2500 datum
549 2461 584 2500 est
599 2457 740 2510 Compendio
754 2458 807 2499 huic
821 2458 895 2499 lucem
910 2456 987 2508 adspi-

81 2544 140 2575 cere.
766 2580 768 2582 ,
952 2517 955 2522 ’

136 2608 198 2656 Quot
213 2609 237 2647 et
252 2608 352 2658 quantae
368 2604 522 2647 difficultates
537 2606 562 2646 in
578 2605 718 2646 elaborando
734 2604 866 2655 huiusmodi
881 2615 986 2663 compen-

80 2680 146 2722 dioso
161 2691 229 2731 opere
243 2684 327 2731 essent,
344 2679 414 2721 nimis
429 2682 453 2721 et
468 2679 530 2721 sensi
545 2681 569 2740 et
584 2679 666 2720 sentio.
684 2678 802 2730 Imprimis
818 2691 845 2720 011
861 2679 906 2719 fine
922 2677 986 2717 lucu·
1005 2734 1006 2737 Ἰ

81 2754 199 2796 1101101111,
211 2766 257 2795 non
272 2756 321 2795 tam
337 2755 367 2794 ad
383 2738 466 2795 ornate
482 2756 505 2794 et
521 2753 613 2805 copiose
629 2752 779 2805 narrandum,
798 2765 866 2806 quam
882 2751 913 2792 ad
929 2751 986 2791 bene

72 2826 254 2879 vinformandum
270 2827 391 2868 attendere
407 2826 483 2869 debui.
503 2826 528 2868 Si
545 2826 627 2868 deinde
644 2837 671 2866 ex
688 2838 734 2867 una
750 2830 818 2880 parte
834 2823 986 2877 repetitiones

80 2903 118 2942 101
132 2903 162 2943 ad
178 2901 238 2942 idem
255 2903 417 2952 argumentum
433 2900 560 2942 allusiones
577 2900 630 2951 plus
648 2911 694 2941 nna
711 2900 758 2942 vice
775 2902 870 2953 propter
888 2896 985 2938 necessi-
