2101 3187
427 101 506 136 Relatio
521 102 596 135 ordinis
924 106 965 151 249

120 225 209 266 Deinde
219 224 330 268 habItudo
341 228 442 268 fratrum
452 228 641 270 Praedicatorum
652 232 682 272 ad
692 231 751 273 alios
761 233 854 276 ordines
863 236 964 278 couside-

62 300 137 339 retur.
154 298 189 339 Ex
204 310 247 351 quo
262 302 313 341 tum
328 300 442 341 auxilium
457 303 562 343 mutuam
578 302 711 356 religiosum
726 307 775 347 tum
791 319 832 359 pro
848 309 964 351 Ecclesiae

59 374 149 413 ornatu
160 372 291 424 spiritualis
302 375 420 417 industria
431 375 527 418 diversis
538 380 579 419 sah
590 378 680 420 vexillis
692 379 775 420 ducum
786 393 903 423 sacrorum
914 385 967 424 tum

62 445 184 493 dissensus
195 449 218 487 et
230 459 354 490 consensus
366 448 426 489 rarii
438 449 578 501 explanandi
590 456 722 494 occurrunt.
897 444 898 447 ¹

237 598 252 655 ξ
268 599 304 640 47.
320 598 408 642 Relatio
425 599 510 643 ordinis
525 617 575 644 cum
591 602 651 645 clero
670 604 784 648 saeculari.

120 730 143 771 S.
159 729 295 772 Dominicus
308 743 368 773 anno
381 733 435 774 1215
448 745 499 774 cum
513 734 580 777 sociis
593 735 642 776 suis
655 738 685 777 ad
698 737 800 778 officium
812 738 965 790 praedicatio-

60 801 88 842 ·01
107 800 132 842 10
151 802 249 844 dioecesi
268 804 383 846 ’,10100000
401 806 538 859 destinatus,
558 808 665 850 intimam
685 809 791 851 unionem
810 822 861 852 cum
880 812 963 864 episco-

59 888 93 927 po
111 876 224 929 huiusque
241 877 302 919 clero
320 879 436 921 habebat&
456 882 580 933 Postquam
598 883 794 941 praedicationem
811 884 963 927 universalem

60 948 185 991 intendere
206 951 291 1005 potuit,
314 952 441 1004 pontificiis
463 955 698 998 commendationibus
720 968 762 1009 pro
784 957 881 1000 diversis
901 959 962 1000 ordi-

59 1022 137 1066 nariis
156 1024 218 1065 orbis
237 1025 346 1078 catholici
364 1029 414 1068 tum
433 1027 496 1069 bulla
514 1029 628 1080 generalis
646 1029 734 1072 tenoris
752 1030 789 1072 die
806 1031 833 1072 11
851 1031 963 1072 februarii

64 1097 118 1138 1218
134 1097 191 1139 data
206 1100 256 1139 tum
272 1099 327 1142 aliis
341 1100 524 1153 particularibus
539 1104 621 1145 auctus
638 1104 689 1151 est2.
709 1105 737 1145 In
753 1104 790 1146 his
805 1104 875 1146 bullis
891 1093 963 1146 iacul-

60 1173 100 1212 100
117 1172 268 1224 praedicandi
283 1173 367 1226 ubique
383 1174 498 1217 iratribus
513 1175 715 1219 Praedicatoribus
732 1187 839 1219 concessa
855 1178 963 1230 supponi-

59 1247 110 1298 tur,
128 1247 232 1287 attamen
247 1246 311 1288 0110
326 1247 533 1291 constitutionibus
548 1250 604 1290 anni
619 1250 673 1291 1228
688 1251 804 1293 iratribus
820 1250 923 1292 visitatio
940 1263 963 1292 a·

63 1320 111 1370 pud
122 1318 241 1372 episcopos
252 1319 360 1362 iacienda
371 1320 509 1381 consulitur,
522 1324 548 1363 ut
559 1334 610 1364 cum
621 1323 655 1365 010
666 1324 693 1365 de
703 1312 791 1378 fructu,
804 1336 870 1376 quem
881 1336 964 1366 curare

59 1392 207 1445 1010000011,
223 1394 351 1453 conferant.
592 1395 593 1398 ’

119 1467 176 1511 Etsi,
185 1479 212 1508 ex
225 1470 292 1519 parte
305 1468 394 1510 ordinis
407 1468 530 1510 concordia
543 1481 594 1510 cum
606 1470 667 1512 clero
681 1471 795 1513 saeculari
807 1471 832 1512 in
844 1483 900 1512 cura
913 1471 963 1511 ani-

59 1552 153 1582 marum
165 1541 293 1593 quaeritur,
305 1541 456 1584 nihilominus
468 1543 524 1583 ordo
536 1554 602 1584 sumn
614 1543 652 1584 ius
663 1543 748 1585 liberae
759 1543 858 1586 actionis
869 1543 962 1585 minime

30 1638 32 1641 >
63 1615 154 1655 trustra
166 1616 275 1663 roborare
287 1614 359 1667 cupit,
373 1616 438 1656 utB.
453 1616 567 1657 Iordanus
579 1618 711 1658 1000010014.
726 1618 803 1669 Neque
815 1616 962 1659 habitudines

59 1687 120 1729 oleri
133 1679 259 1729 saecularis
272 1688 297 1729 in
309 1674 395 1731 fratres
408 1689 518 1742 pacificae
531 1701 619 1742 semper
633 1692 774 1731 manserunt.

75 1748 77 1751 ¹
119 1763 154 1803 Ex
163 1762 336 1814 praedicatione
345 1763 402 1816 sola,
413 1774 458 1815 qua
466 1762 507 1804 illo
517 1764 620 1816 tempore
628 1775 686 1816 opus
693 1765 742 1805 tam
751 1763 894 1805 vehementer
903 1765 961 1815 erat,

59 1836 146 1876 relatio
157 1835 188 1877 ad
197 1835 283 1884 clerum
292 1833 434 1884 'saecularem
444 1835 577 1888 perturbari
587 1848 634 1878 non
644 1836 762 1878 valuisset.
775 1838 807 1878 At
817 1839 963 1878 accesserunt

59 1908 123 1950 ,aliae
138 1909 248 1951 rationes.
266 1911 316 1951 Iam
331 1914 392 1962 anno
407 1910 461 1952 1216
476 1897 563 1951 iratres
577 1909 751 1952 Praedicatores
766 1909 805 1953 ius
818 1912 960 1961 receperunt,

63 1983 190 2034 sepeliendi
206 1983 230 2023 in
248 1982 297 2024 suis
313 1982 455 2025 coemeteriis
473 1983 543 2025 etiam
560 1982 632 2025 laicos
649 1985 787 2025 extraneos⁵.
807 1984 835 2024 In
852 1983 894 2024 hoc
911 1982 961 2024 iure

14 2039 16 2042 ¹
58 2067 120 2097 :ausa
133 2056 263 2099 discordIae
277 2057 323 2099 sita
336 2059 378 2110 est,
393 2069 445 2098 cum
458 2045 608 2109 praedilectis
620 2057 753 2108 sepulturae
767 2058 828 2109 apud
842 2056 961 2109 religiosos

61 2130 168 2182 parochis
187 2132 222 2173 vel
241 2131 399 2173 sacerdotibus
418 2131 474 2172 cleri
492 2130 617 2172 saecularis
635 2130 745 2172 iuvidiam
764 2123 885 2181 quamdam
904 2116 964 2171 exci-v

58 2206 113 2244 tare
127 2204 238 2255 potuertt.
255 2204 345 2245 Deinde
358 2206 474 2245 crescente
489 2203 578 2245 ordinis
592 2203 669 2244 labore
684 2214 726 2254 pro
741 2202 817 2244 salute
832 2202 961 2244 animarum

58 2289 103 2329 per
118 2269 300 2335 propositionem
314 2278 378 2319 verbi
393 2278 437 2319 Dei
451 2279 474 2318 et
489 2276 714 2318 administrationem
730 2276 869 2318 sacramenti
884 2276 961 2328 paeni-

58 2350 158 2402 tentiae,
177 2350 296 2402 ex-quibus
313 2351 469 2404 frequentatio
488 2349 635 2391 ecclesiarum
653 2350 754 2390 fratrum
772 2348 961 2390 Praedicatorum

58 2424 137 2466 00110
153 2435 234 2476 genere
250 2424 433 2466 Mendicantium
449 2415 593 2475 sequebatur,
611 2423 726 2475 oppositio
743 2423 805 2463 inter
819 2422 905 2463 clerum
922 2433 961 2473 pa-

59 2497 184 2540 roecialem
195 2498 218 2537 01
230 2497 324 2539 ordines
335 2497 517 2539 Mendicantipm
529 2496 587 2538 oriri
598 2495 680 2548 coepit.

115 2571 144 2614 si
154 2569 281 2613 abstractio
293 2570 320 2610 lit
330 2572 359 2612 ab
371 2571 508 2622 excessibus,
521 2581 578 2622 quae
588 2570 613 2610 10
625 2570 715 2611 0000010
727 2570 784 2610 XIII
795 2571 844 2609 tum
856 2571 961 2620 exparte

59 2643 245 2688 ,Mendicantium
262 2645 313 2683 tum
331 2655 358 2684 ex
376 2646 443 2696 parte
461 2643 517 2685 cieri
535 2643 660 2684 saecularis
678 2642 793 2683 commissi
811 2645 873 2692 sunt,
894 2641 960 2683 radix

58 2718 188 2761 :aversionis
199 2715 334 2758 clericorum
345 2717 471 2757 multorum
482 2716 506 2757 in
518 2705 675 2757 Mendicantes
686 2716 809 2766 repetenda
820 2717 855 2756 est
865 2728 892 2756 ex
905 2727 959 2755 «000

59 2791 188 2846 cogitandi,
205 2792 261 2830 tunc
278 2788 390 2840 temporis
406 2789 454 2830 1010
470 2790 566 2842 diituso,
584 2789 672 2831 scilicet
688 2790 718 2830 ad
735 2799 814 2829 curam
831 2788 959 2828 animarum

59 2865 205 2907 :solummodo
216 2863 301 2904 clerum
312 2861 467 2913 parochialem
478 2862 516 2903 ius
527 2863 610 2903 habere
621 2865 644 2903 et
655 2863 761 2902 vocatum
773 2872 828 2914 esse,
842 2873 912 2914 quare
923 2873 960 2901 cu-

61 2951 89 2981 ra
100 2939 230 2980 animarum
242 2935 351 2986 cuiusque
364 2933 453 2985 generis
465 2935 493 2974 ab
505 2935 559 2975 alhs
572 2937 678 2986 suscepta-
690 2934 785 2983 violatio
798 2935 883 2975 iurium
895 2945 961 2985 paro-

58 3012 281 3054 0110110000000101.
313 3063 314 3067 ¹
891 3009 893 3014 ’
