2101 3187
433 73 471 124 Res
488 88 642 130 praedicationis
944 93 982 134 153

136 216 174 257 Sic
189 217 271 258 melius
285 216 434 270 comperitur,
452 218 475 259 S.
493 217 639 258 Dominicum
656 216 740 257 salutis
755 217 885 258 animarum
902 218 981 260 sitien-

77 289 196 331 tissimum
217 290 472 343 specialiter'ordinem
490 302 560 342 ,suum
581 290 714 331 instituisse
735 292 762 332 ob
783 291 979 342 praedicationem

74 367 100 405 et
117 362 247 405 animarum
263 353 369 406 salutem.
389 378 399 403 a
411 365 472 405 Dum
488 364 532 405 sibi
547 376 648 417 superna
665 364 796 415 specula-tus
813 365 887 406 fuerit
903 365 979 406 cultor

73 449 213 489 eremorum,
231 438 318 480 sedebit
335 437 456 479 solitarius
473 441 496 479 et
512 438 605 479 tacebit.
625 438 750 489 Apostolus
766 436 851 498 autem
863 440 978 490 profunda

37 502 38 505 ¹
77 512 129 562 liei,
146 524 192 553 non.
207 512 251 554 soli
266 512 318 563 sibi,
334 512 376 553 sed
392 513 415 553 et
430 512 521 564 populis
537 512 777 565 perscrutatus'velut
793 514 866 553 nubes
882 513 976 561 volabit,

77 586 121 626 liei
138 586 306 638 agriculturam
323 586 437 627 imbribus
453 585 552 638 irrigans
569 585 720 627 salutaribus.
740 587 803 627 Haec
821 589 856 627 est
873 588 976 632 actuosa,

72 659 111 700 :sni
131 659 243 701 diffusiva
260 659 433 711 contemplatio,
453 671 519 711 qnam
536 660 664 701 Duodecim
681 671 727 700 non
745 660 819 700 solnm
835 659 926 712 'relictis
943 672 976 701 re-

73 733 140 776 tibus
154 736 178 774 et
193 736 259 785 patre
274 733 309 774 rel
323 734 434 774 contenta
449 735 591 774 terrenorum
607 733 758 785 possessione,
775 734 815 774 sed
831 733 902 774 etiam
918 746 976 774 snm-

71 819 126 848 mae
142 806 237 858 pietatis
254 806 361 859 operibns
377 806 479 847 dimissis
495 808 593 859 professi
610 809 690 848 sunt...
709 806 879 848 Eos-imitatus
896 809 975 849 beatus

75 883 142 933 pater
160 881 295 922 Dominicus
311 882 398 922 fratres
417 893 470 922 suos
487 893 532 921 non
549 881 634 922 mensis
653 880 793 932 ministrare,
813 892 860 921 non
877 880 975 923 infirmis

70 954 197 1007 deservire,
214 966 260 995 non
275 954 456 996 christianorum
473 954 549 996 hostes
565 955 652 1007 fugere,
672 966 718 996 non
734 955 838 1006 captivos
855 955 973 1008 redimere,

74 1041 121 1069 non
139 1040 223 1079 pueros
240 1041 271 1085 ex¹
285 1030 389 1080 professo
408 1028 481 1070 voluit
499 1029 603 1079 educare,
623 1030 663 1070 sed
681 1030 742 1072 totos
760 1041 809 1080 esse
828 1029 974 1071 Praedicato-

73 1115 118 1152 res,
137 1103 177 1154 qui
194 1103 396 1155 contemplationis
415 1114 469 1144 suae
487 1102 623 1155 participem
641 1103 759 1144 efficerent
777 1105 973 1144 omnemoreatu-

70 1190 130 1219 ram.
150 1179 345 1227 Quemadmodum
363 1178 424 1218 enim
442 1166 536 1219 Petrum
553 1180 576 1218 et
593 1179 693 1219 Paulum
710 1177 817 1219 audierat
836 1178 881 1219 sibi
899 1178 972 1219 (licen-

73 1255 121 1294 tes:
141 1265 153 1291 «
163 1253 228 1294 Vade
243 1254 266 1293 et
281 1252 398 1305 praedica,
416 1252 470 1304 qnia
485 1264 499 1293 a
514 1253 562 1293 Deo
578 1253 608 1293 ad
623 1251 687 1292 istud
703 1251 805 1292 officinm
823 1248 951 1301 electuses
961 1267 971 1291 »

72 1327 107 1367 ita
126 1329 149 1367 et
167 1326 294 1378 ipsefilios
313 1338 367 1367 snos
385 1327 486 1367 nondum
505 1326 585 1366 adulto
604 1326 684 1367 ordine
702 1338 742 1378 per
760 1328 835 1367 totam
856 1328 972 1378 Europam

67 1400 183 1452 dispersit
199 1400 396 1451 praedicatores...
415 1401 476 1441 Nota
492 1402 527 1441 est
542 1399 618 1452 imago
633 1399 795 1451 ¹vulgatissima
814 1401 943 1442 salvatoris
960 1413 971 1442 e

67 1486 138 1516 traice
155 1474 284 1526 pendentis,
302 1474 368 1522 cuins
386 1473 489 1514 <livinum
505 1484 608 1514 cruorem
626 1485 638 1513 e
655 1474 787 1514 vulneribus
806 1473 969 1514 scaturientem
1030 1472 1032 1474 ’

80 1548 170 1600 pateris
192 1546 310 1599 excipiunt
331 1549 454 1589 adstantes
475 1540 615 1599 angelorum.
639 1546 730 1588 'talium
752 1548 887 1600 angelornm
908 1548 968 1589 vices

70 1635 83 1664 a
106 1623 220 1664 fratribus
242 1622 445 1664 Praedicatoribus
467 1621 515 1673 geri
535 1621 616 1663 clienti
637 1633 678 1662 suo
700 1624 773 1662 mater
794 1621 860 1673 virgo
882 1623 968 1663 testata

44 1707 46 1713 ⁸
65 1700 117 1738 est:
139 1710 150 1736 c
161 1697 194 1737 Hi
210 1699 271 1748 sunt,
285 1696 373 1749 inquit,
392 1696 431 1748 qui
448 1696 578 1748 specialiter
594 1696 709 1737 insistunt
726 1697 827 1748 negotio,
845 1707 877 1737 ne
891 1696 968 1738 dilecti

70 1771 113 1811 filii
129 1771 173 1811 mei
189 1770 282 1823 sanguis
297 1770 416 1812 inutiliter
431 1770 462 1810 sit
477 1771 566 1811 effusus
576 1772 606 1809 af.
659 1766 660 1769 ’
929 1809 931 1812 .

135 1845 215 1885 ideam
236 1833 383 1896 apostolatus
404 1843 532 1896 vigorosam
553 1845 623 1895 atque
645 1844 758 1884 actionem
779 1844 967 1885 fecumlissimam

64 1920 155 1959 fratres
170 1918 345 1972 Praedicatores
360 1917 468 1959 habuisse
482 1920 505 1958 et
519 1917 573 1958 aliis
588 1917 709 1959 ordinibus
724 1918 827 1969 exemplo
843 1920 867 1959 et
882 1929 970 1959 succes-

63 2005 94 2034 :sn
112 1992 238 2035 tradidisse
256 1993 355 2033 constat.
377 1991 402 2033 Si
420 1990 532 2032 hnmanae
550 1989 690 2042 fragilitatis
708 1990 968 2033 indeficienter-oetion

62 2066 195 2118 adfuerint,
212 2078 250 2107 eac
265 2065 360 2107 conatui
375 2064 448 2106 nobili
463 2077 602 2105 sununornm
611 2052 707 2106 ¹ordinis
723 2065 822 2111 liliorum
839 2066 968 2106 ‹retractae›

63 2151 113 2180 non
128 2142 233 2191 possunt.
855 2144 856 2148 ’

198 2289 212 2345 ξ
231 2291 266 2332 31.
281 2290 347 2332 Ratio
362 2271 513 2347 praedicandi.
529 2288 643 2331 Formatio
658 2289 842 2346 praedicantium.

120 2421 204 2463 riureis
218 2422 286 2474 plane
300 2422 387 2464 litteris
403 2422 430 2462 de
445 2422 567 2473 disciplina
583 2433 662 2463 sacrae
676 2422 857 2473 praedicationis
873 2423 963 2471 merita,

60 2509 123 2550 onae
138 2496 160 2537 S.
177 2494 312 2537 Dominicus
325 2498 348 2537 et
362 2497 418 2536 ordo
432 2497 461 2536 ab
475 2508 500 2537 eo
513 2495 627 2536 fimdatus
641 2495 762 2549 congessit,
778 2496 803 2536 in
818 2495 917 2537 historia
929 2490 962 2538 'rei

64 2569 209 2612 liomileticae
231 2570 255 2608 et
267 2570 369 2610 fratrum
392 2569 581 2610 Praedicatornm
605 2569 750 2610 inscribenda
765 2572 827 2610 sunt.
854 2570 889 2610 Ab
903 2583 964 2611 anno

63 2644 117 2685 moe
131 2643 233 2684 Didacus
247 2641 382 2683 oxomensis
397 2645 420 2683 et
435 2643 457 2684 S.
473 2643 608 2684 Dominicus
623 2643 791 2693 praedicationi
805 2644 913 2687 veritatis
928 2656 963 2685 ca-

63 2710 163 2759 tholicae
180 2715 305 2768 apostolico
321 2715 389 2756 modo
405 2717 538 2768 propositae
554 2716 683 2767 instabant,
702 2719 726 2772 ut
744 2717 849 2759 infelices
867 2719 961 2769 populo:

57 2793 93 2833 ad
109 2791 186 2832 lumen
203 2788 304 2831 diuinum
320 2788 494 2840 percipiendum
511 2791 653 2830 reducerent.
672 2790 742 2830 Velut
759 2792 890 2833 sacerdotes
907 2792 922 2832 i.
941 2805 959 2832 e.

56 2865 177 2907 ordinarii
189 2862 290 2904 ministri
302 2861 427 2913 Ecclesiae,
442 2862 467 2901 in
480 2863 565 2914 spiritu
580 2865 602 2903 ct
616 2862 697 2904 habitu
710 2864 865 2916 paupertatis,
880 2865 904 2905 in
917 2866 961 2906 fer-

60 2951 114 2981 vore
132 2926 296 2990 compassionis
313 2935 340 2976 de
358 2935 433 2975 salute
450 2935 588 2988 animarum,
608 2937 632 2975 in
649 2937 779 2988 cognitione
796 2941 906 2980 iiccnrata
925 2939 959 2978 dc-

60 3013 133 3065 ppsiti
145 3012 199 3054 fidei
211 3015 233 3053 et
244 3008 409 3062 perspicientia
420 2994 567 3049 fallaciarum
581 3011 765 3050 adversariarum
779 3012 884 3051 missioni
897 3023 960 3062 prac-
