2188 3178
80 88 122 128 206
405 89 497 122 ilvvvlutio
514 90 659 128 provinciarum

80 218 131 259 clini
144 218 258 269 simulque
271 206 397 260 conventus
411 218 501 270 posttus
515 230 555 269 per
568 220 597 260 D.
613 219 760 260 Bonifacium
774 231 857 272 papam
871 223 933 263 VIII
942 230 984 274 ‘pe-

69 275 145 333 tente
159 295 182 333 et
197 294 345 343 procurante,
363 291 409 334 imo
424 295 500 333 totum
514 292 616 334 'faciente
632 294 660 334 D.
677 293 764 335 Karolo
780 294 805 334 ΙΙ
821 305 874 346 rege
890 294 988 348 Siciliae
1009 277 1011 282 Ι

82 378 143 407 anno
164 366 219 407 1295
231 380 249 406 u.
274 366 420 408 «Provincia
441 366 576 407 Provinciae
598 379 613 407 a
634 367 728 409 meridie
750 368 876 418 Pyrenaeis
897 370 979 410 monti-

81 441 124 481 bus
137 442 160 480 et
173 440 233 480 mari
247 440 429 492 MedIterrane03
444 442 472 481 ab
487 439 605 482 occidente
619 440 699 483 littore
713 443 803 483 Oceano
817 442 845 483 de
859 444 984 494 Pyrenaeis

60 571 61 574 Ἰ
80 514 111 554 ad
122 513 228 554 fluminis
241 515 373 555 Garumnae
387 514 511 567 (Garonne)
524 513 597 565 ostia-3
610 526 626 555 a
638 515 793 567 septentrione
805 516 937 567 regionibus
949 516 984 557 tn-

80 589 118 628 111
132 587 291 628 Carantonum
308 589 439 641 (Charente)
455 589 478 630 et
493 587 622 640 vigennam
640 589 744 641 (Vienna)
759 589 859 631 flumina
873 589 938 642 sitis3
953 591 984 632 ab

79 662 168 704 oriente
185 663 292 714 superius
309 663 406 704 flumine
423 664 534 705 Rhodano
554 663 651 717 (thne)
670 665 838 716 continebatur,
857 665 910 707 dein
927 665 984 706 inic-

79 736 129 778 rius
143 748 214 789 usque
229 739 259 778 ad
273 738 343 791 Alpes
357 737 487 778 maritimas
501 739 603 789 extensa,
620 739 825 789 comprehendebat
838 738 984 779 Provinciam

83 810 116 861 (11
125 811 258 862 Provence),
269 824 282 852 a
292 823 336 863 qua
344 810 467 851 Provincia
477 809 613 851 Provinciae
623 811 743 852 nominata
753 813 788 852 est
799 825 817 851 r.
828 812 897 852 Hanc
907 812 984 852 exten-

81 883 168 925 sionem
183 896 225 937 per
240 884 374 925 divisionem
389 867 560 936 provinciarum
575 896 637 924 anno
652 885 705 926 1303
721 884 830 937 perdidit,
848 885 909 926 sicut
924 887 946 925 et
961 885 983 926 ei

81 958 195 999 sccundus
213 958 276 999 locus
292 959 316 998 in
333 958 413 999 ordine
429 957 601 1010 provinciarum
618 958 712 999 ablatus
728 961 771 1011 est,
789 971 840 1000 cum
856 970 916 1001 nova
932 948 984 1010 pro-

79 1033 156 1075 vincia
170 1016 283 1074 Tolosa-na
297 1034 361 1074 dicta
374 1058 401 1063 -
414 1032 557 1084 antiquiores
571 1033 696 1074 conventus
710 1033 830 1085 possidens
843 1059 872 1063 —
885 1033 983 1085 priorem

79 1108 154 1148 locum
166 1107 300 1148 obtinuerit.
314 1108 446 1149 Conventus
459 1106 705 1158 ‹tMontispessrilan11s,
719 1108 884 1160 Narbonensis,
899 1107 984 1148 11111111-

81 1181 163 1233 rensis,
179 1180 351 1232 Amiliavensis,
368 1179 497 1232 Podiensis,
514 1179 695 1231 AlbenacIensis,
712 1180 862 1232 Ilarologins,
880 1179 984 1220 Alesten-

81 1254 121 1307 sis,
136 1255 300 1296 Nemausensis
312 1254 400 1306 aliique
413 1255 477 1295 ultra
491 1254 628 1295 Rhodanum
642 1253 837 1306 nuncupationem
852 1252 984 1305 provinciae

80 1329 216 1371 Provinciae
235 1330 357 1371 retinuere.
380 1330 425 1371 Sed
444 1332 466 1371 et
486 1341 558 1381 usque
575 1330 640 1370 ultra
659 1329 729 1381 Alpes
749 1329 804 1369 haec
822 1327 941 1380 provincia
960 1340 983 1368 se

78 1407 217 1448 extendebat
229 1406 265 1446 ita·
277 1407 304 1446 ut
315 1418 334 1448 e.
349 1417 371 1457 g.
386 1405 512 1446 conventus
525 1403 680 1445 Pinerolensis
693 1416 755 1445 anno
769 1403 821 1443 neo
835 1405 925 1444 erectus
938 1400 982 1452 pri--

80 1478 151 1520 mitus
162 1477 222 1519 iuris
234 1477 366 1529 provinciae
378 1476 514 1519 Provinciae
525 1477 604 1518 luerit.

87 1562 88 1565 ’
136 1551 290 1594 Provincialis
299 1551 391 1604 primus
399 1551 458 1592 hanc
468 1551 611 1603 provinciam
622 1550 682 1592 rexit
693 1551 719 1592 B.
733 1552 880 1600 Bertrandns
889 1553 916 1594 de
927 1553 984 1593 Gar-

80 1625 132 1678 riga
146 1637 217 1678 prope
232 1625 337 1666 Alestum
352 1622 472 1678 oriundus,
490 1626 513 1666 S.
530 1624 651 1666 Dominico
666 1637 732 1677 saepe
747 1625 797 1666 viae
812 1637 894 1667 comes.
911 1626 983 1674 Quar-

80 1701 120 1740 tus
134 1699 284 1750 provincialis
299 1700 450 1750 Raymundus
464 1698 492 1740 de
507 1699 591 1751 Pelgar
605 1709 658 1739 mox
672 1699 702 1741 ad
716 1698 877 1751 praesulatum
892 1699 983 1742 Tolosa

80 1785 137 1814 num
151 1773 264 1827 (transeo)
277 1772 389 1815 ascendit.
402 1773 504 1823 Quintus
517 1775 593 1819 autem
606 1774 657 1814 erat
671 1786 681 1812 c
692 1774 792 1814 Roineus
804 1772 933 1813 Oatalanus
943 1784 983 1813 na-

81 1847 151 1896 tione,
164 1848 204 1888 sed
215 1846 322 1888 caelestis
332 1847 514 1895 conversatione,
527 1846 639 1888 oriundus
651 1846 678 1887 de
688 1847 764 1898 Levya
775 1860 785 1884 1
798 1857 853 1897 erga
864 1846 982 1898 Virginem

80 1919 251 1972 devotissImus,
263 1921 302 1972 qni
312 1923 335 1963 et
345 1920 411 1972 prior
420 1920 580 1973 Lugdunensis
590 1920 721 1962 exstiterat.

135 1996 172 2036 Ad
182 1995 312 2049 Gerardum
322 1996 350 2036 de
360 1995 460 2036 Praebet
470 2007 531 2036 anno
542 1997 595 2038 1259
606 1997 745 2038 venerabilis
756 1997 853 2039 Pontius
865 2000 893 2041 de
905 2000 927 2041 S.
939 2001 983 2041 Ae-

78 2069 149 2122 gidio,
162 2050 296 2111 Berndrdus
307 2072 334 2112 de
346 2070 427 2123 rnna,
440 2071 573 2112 Bernartius
585 2072 612 2113 de
624 2072 639 2112 J
641 2071 692 2112 usix
703 2073 728 2112 in
740 2072 872 2123 provinciae
882 2074 983 2116 modera-

78 2142 139 2183 mine
152 2147 319 2186 snccessernnt.
333 2145 370 2184 Ex
382 2136 518 2197 posterioris
531 2144 642 2197 temporis
655 2144 835 2196 provtncialibus
848 2146 984 2189 Provinciae

78 2218 166 2271 Texier,
182 2218 280 2271 Rochin,
296 2217 412 2260 Auribelli
425 2220 543 2260 notentur.

94 2309 96 2313 ⁴
136 2289 314 2342 Oirca'primam
326 2291 456 2332 centuriam
469 2291 538 2332 huius
551 2291 683 2344 provinciae
697 2293 750 2332 acta
764 2291 918 2343 capitulorum
931 2304 983 2344 pro-

81 2363 214 2405 vincialium
226 2365 282 2406 bene
294 2366 397 2406 edocent.
411 2366 445 2406 De
457 2364 542 2406 studiis
554 2367 596 2407 sub
608 2364 692 2405 Pontio
705 2366 733 2406 de
746 2366 769 2407 S.
782 2366 879 2418 Aegidio
892 2366 983 2408 ordina-

80 2437 115 2479 tio
129 2439 192 2480 edita
205 2441 242 2480 est
255 2450 270 2479 a
284 2438 396 2491 magistro
410 2438 513 2491 generali
527 2439 656 2479 Humberto
671 2439 776 2489 probata.
793 2440 812 2480 E
827 2439 922 2482 maioris
936 2452 983 2482 mo-

78 2513 151 2553 menti
163 2513 288 2555 I'homistis
301 2514 434 2555 Bcrnardus
447 2515 474 2556 de
488 2514 562 2554 Prilia
576 2512 702 2572 (Latreille)
716 2514 789 2555 lector
800 2515 824 2554 in
837 2516 879 2555 hac
893 2515 982 2566 prouin-

80 2571 117 2626 cia
130 2588 153 2626 et
165 2589 246 2637 postea
259 2586 409 2638 provincialis
425 2588 451 2645 (†
465 2599 484 2627 c.
500 2586 561 2637 1292)
577 2585 670 2626 citetur.
686 2587 704 2626 Ε
715 2574 795 2628 tribus
807 2587 896 2629 centris
908 2586 982 2638 inqui-

78 2660 172 2701 sitionis
185 2660 209 2700 in
223 2661 367 2714 Gallicano,
383 2673 463 2713 nempe
477 2664 501 2703 et
515 2661 653 2701 Tolosanum
666 2664 689 2701 et
702 2661 880 2713 (1111110111111,
895 2663 919 2702 in
933 2661 982 2701 lini-

79 2735 123 2775 bus
138 2732 207 2774 huius
220 2734 352 2784 provinciae
367 2733 481 2775 iacebant.
499 2733 565 2781 erod
581 2732 723 2784 praedicatio
739 2733 814 2774 valide
829 2733 905 2786 viguit
920 2733 982 2783 apud

78 2809 167 2849 tratres
183 2807 318 2849 Provinciae
336 2819 363 2848 ex
381 2807 505 2859 conspicuo
523 2817 617 2847 numero
636 2807 821 2857 praedicatorum
840 2805 981 2858 generalium

78 2881 162 2924 saltem
174 2891 217 2933 pro
229 2882 319 2923 saeculo
330 2882 390 2922 XIII
402 2880 451 2922 erui
463 2881 548 2932 potest.

134 2953 271 3003 Provinciae
285 2954 420 2994 rotomnam
434 2953 506 2996 1111111
519 2955 559 2995 sub
573 2954 621 2995 illis
636 2954 768 3006 provinciae
781 2953 917 2995 Provinciae
930 2965 982 2995 con-

77 3030 190 3082 tinentur,
203 3027 288 3080 qnippe
299 3040 349 3069 cum
361 3029 476 3070 'dolosana
487 3039 528 3079 per
539 3028 673 3070 divisionem
685 3028 810 3070 1111101303
822 3027 942 3070 definitive
954 3030 982 3070 ab
