2101 3187
390 30 496 76 Dissensus
508 48 552 74 cum
564 40 672 73 Benedieto
684 38 721 70 XII
958 47 959 50 ¹
981 34 1009 76 <49

104 168 201 212 deflendi
210 165 331 209 Benedicti
341 166 385 205 ’ΧΠ
395 177 422 205 ex
432 162 483 204 eius
492 161 612 203 eeleritate
622 160 731 213 ostendit,
743 163 821 201 tamen
832 160 881 203 eius
892 161 1008 213 cogitatus

107 243 225 288 edilium
238 238 400 285 rationabilem
413 239 501 278 statum
514 236 576 287 apud
589 234 765 276 Praedicatores
779 234 909 276 habendum
922 234 1006 285 tendit,

99 318 144 371 ¹qui
158 317 199 358 sub
212 316 281 361 Sixto
295 315 329 355 lv
343 315 366 354 et
380 311 504 353 solemnius
518 311 560 351 sub
574 309 672 350 concilio
687 308 823 349 Tridentino
839 307 1008 350 determinatus

105 401 179 443 tuitii.
193 402 254 442 Dum
267 401 409 440 blandonnet
421 397 571 439 Benedictum
584 397 628 437 xii
642 395 786 446 supprimere
799 394 972 436 mendicitatem
985 397 1008 434 et

104 473 203 517 liberare
219 475 323 516 ordinem
339 475 366 514 de
381 472 490 514 subiectis
506 454 704 512 insufficientibus
720 468 755 509 ita
770 470 798 509 ut
814 479 897 519 corpus
914 467 1008 508 selecto-

105 561 160 592 rum¹
168 548 355 601 praedicatorum
368 548 391 587 et
405 547 523 587 doctorum
537 545 668 585 efficeretur
681 545 790 583 autumat
803 544 826 583 et
839 540 946 594 magistri
960 542 1008 582 Hu-

107 635 174 687 ponis
188 634 280 675 modum
296 644 322 675 se,
334 631 433 673 habendi
448 632 565 682 tamquam
581 626 833 680 incompreheusionem
849 626 1009 673 considerat³⁵,

107 709 206 749 Altaner
222 706 389 747 immixtionem
406 707 483 756 Papae
499 704 524 744 in
541 716 579 745 res
594 703 691 744 intimas
709 700 798 743 ordinis
814 701 929 752 relevat³l5
947 699 1009 740 alii³⁷

107 794 160 823 vero
177 793 228 822 cum
245 778 416 832 antiquioribus
433 777 580 830 praecipuam
598 776 663 817 litem
681 776 769 827 Papam
787 774 849 815 inter
866 776 889 815 et
906 773 1010 814 ordinem

107 857 135 896 de
148 856 287 907 paupertate
301 853 414 906 agitatam
428 853 564 904 agnoscunt,
579 862 631 891 cum
646 861 692 901 qua
705 861 730 890 re
744 848 815 889 etiam
829 847 924 889 violatio
939 847 1010 888 inter-

106 941 150 970 nae
167 927 328 980 dispositionis
345 926 433 968 ordinis
445 918 563 967 cohaeret.
583 925 618 965 De
635 925 712 964 cetero
729 922 790 963 sicut
807 921 947 963 Benedictus
965 922 1009 970 XII
1026 954 1028 958 .

107 1004 170 1054 apud
184 1002 285 1043 Minores
298 1000 360 1042 haud
373 1000 500 1053 cogitatum
514 998 577 1050 pacis
591 998 631 1039 sed
644 995 829 1038 exacerbationis
843 994 961 1047 excitavit,
976 994 1011 1035 ita

108 1079 132 1118 et
145 1076 208 1128 apud
221 1074 423 1117 Praedicatoresss⁴

348 1225 362 1282 5
379 1226 414 1269 io.
430 1225 503 1267 Sortes
519 1225 604 1268 ordinis
620 1235 671 1283 poet
685 1235 771 1282 pestem

164 1357 241 1399 Pestis
253 1369 336 1409 magna
348 1369 388 1409 per
400 1369 469 1399 naves
483 1359 614 1399 Genuenses
626 1370 654 1398 ex
667 1357 756 1418 oriente
768 1357 793 1397 in
806 1359 924 1410 Europam
938 1359 1012 1399 allata

109 1434 151 1473 est.
169 1433 237 1473 Anno
252 1431 306 1472 1348
321 1431 446 1483 incipiente
461 1443 502 1484 per
518 1431 619 1472 Galliam
635 1430 817 1482 meridionalem,
834 1432 938 1478 Italiam,
957 1433 1012 1473 Ger*

109 1504 211 1549 maniam
231 1506 382 1557 grassabatur
402 1505 485 1556 ubique
505 1504 610 1546 homines
629 1516 726 1556 carpens
747 1507 867 1556 terrasque
887 1508 950 1548 totas
970 1506 1012 1547 ali-

110 1580 202 1630 quando
218 1590 290 1630 usque
306 1580 336 1620 ad
352 1578 498 1620 medietatem
516 1580 630 1629 perdens.
650 1579 701 1619 Hac
718 1578 853 1619 calamitate
870 1581 946 1620 motus
964 1580 1013 1620 Ole-

46 1668 47 1671 ¹
110 1664 175 1694 mens
189 1653 224 1693 VI
241 1652 398 1705 indulgentias
415 1653 525 1704 speciales
542 1652 656 1693 concessit
673 1653 853 1704 quibuscumque
870 1664 950 1694 curam
967 1664 1013 1693 mo-

109 1724 220 1767 rientium
237 1729 260 1768 et
275 1726 457 1779 sepeliendorum
473 1726 613 1778 gerentibus.
631 1727 764 1768 Conventus
780 1728 803 1767 et
820 1725 961 1767 monasteria
977 1738 1013 1767 er-

110 1800 172 1842 dinis
188 1800 379 1843 Praedicatorum
394 1812 500 1842 numeros
516 1800 642 1841 horrendos
659 1810 758 1840 suorum.
770 1800 913 1858 mortuorum
930 1799 955 1840 in
971 1800 1014 1841 illa

110 1874 176 1915 clade
191 1873 304 1917 iudicant.
323 1875 383 1932 Dum
400 1873 468 1914 multi
484 1876 610 1915 conventus
627 1873 837 1925 depopulabantur,
855 1873 898 1915 alii
915 1872 1013 1915 emortui

111 1961 173 2000 sunt.
187 1959 290 2001 Societas
298 1959 503 2011 Peregrinantium
514 1958 538 1998 in
549 1958 627 2011 plagis
638 1958 793 2000 orientalibus
802 1959 869 2010 quasi
880 1959 910 1999 ad
922 1958 1013 1999 ruinani

112 2034 228 2083 perducta
238 2032 302 2073 fuir.
320 2035 348 2074 In
364 2033 435 2074 Italia
450 2034 497 2074 duo
510 2032 592 2074 vicarii
607 2032 762 2083 provinciales
776 2033 875 2073 Romani
891 2031 935 2073 sibi
951 2032 1014 2074 brevi

111 2106 136 2145 in
151 2100 273 2158 sepultura
287 2107 455 2148 succedebantl.
471 2106 605 2148 Florentiae
620 2107 646 2147 80
660 2107 755 2157 iratres,
771 2105 832 2147 Pisis
845 2106 882 2159 40,
898 2106 973 2147 Lucae
987 2106 1014 2147 20

112 2178 238 2232 obterens,
248 2180 274 2221 in
284 2180 424 2221 monasterio
433 2180 571 2232 -itip-ulitano
582 2180 623 2220 100
631 2179 752 2220 sororibus
764 2179 944 2221 decedentibus.
958 2180 1016 2226 Oonss,
1031 2195 1032 2198 ¹

112 2254 194 2295 ventus
212 2253 402 2296 Carcassonensis
418 2254 517 2295 historia
533 2254 616 2294 narrat
633 2254 660 2294 de
677 2253 755 2304 priore
772 2252 896 2295 Guillelmo
904 2250 908 2270 ³
914 2253 942 2293 de
959 2254 1015 2294 Gar-

113 2323 147 2365 rie
166 2326 205 2376 qui
223 2327 324 2378 primum
342 2329 428 2369 iratres
446 2328 549 2369 Minores
566 2328 631 2379 peste
649 2326 748 2368 intectos
768 2326 891 2368 caritative
910 2326 1016 2378 sepelivit
1047 2333 1049 2336 “

112 2400 136 2439 et
145 2399 227 2450 postea
237 2401 340 2451 propriis
349 2401 464 2442 iratribus
474 2401 509 2442 vel
521 2403 595 2453 morte
606 2400 641 2442 vel
651 2401 709 2452 tuga
721 2399 838 2451 subreptis
849 2388 899 2452 ipse
910 2402 1015 2441 mortuus

113 2472 155 2512 est.
174 2472 298 2514 Provincia
314 2474 449 2515 Provinciae
466 2486 586 2516 numerum
603 2474 766 2515 detunctorum
784 2474 814 2515 ad
828 2473 871 2515 '378
888 2473 1014 2515 aestimer.

114 2545 181 2587 Sicut
192 2545 218 2585 in
231 2546 311 2588 Gallia
322 2548 358 2589 ita
371 2551 395 2590 et
407 2549 432 2589 in
445 2548 499 2590 aliis
513 2548 621 2600 partibus
634 2558 715 2599 nempe
729 2547 828 2599 Angliae
840 2549 866 2588 ‘et
880 2541 1017 2589 Germaniae

113 2619 221 2660 victimae
235 2630 302 2670 saepe
315 2611 422 2662 immensi
436 2621 526 2663 numeri
539 2633 554 2663 a
569 2623 633 2673 peste
647 2621 845 2673 postulabantur⁷.
863 2623 891 2662 In
906 2621 1017 2662 Bohemia

113 2693 183 2734 umlti
196 2705 208 2734 e
221 2692 371 2734 conventibus
384 2696 512 2737 devastatis
523 2695 612 2749 egressi
627 2697 682 2737 sunt
696 2694 799 2747 nihilque
814 2696 841 2735 de
857 2706 900 2747 quo
914 2694 1017 2736 viverent

114 2767 225 2808 habentes
235 2759 265 2807 ad
275 2765 378 2808 iamilias
387 2780 444 2809 suas
455 2770 490 2810 vel
501 2769 532 2810 ad
543 2769 602 2810 alias
614 2770 694 2820 partes
705 2769 834 2820 rigemur.
848 2767 928 2820 Aliqui
940 2780 967 2810 ex
978 2780 1017 2809 no-

114 2841 179 2893 stris,
195 2841 249 2881 dum
263 2839 438 2890 flagellantibus
452 2842 577 2893 praecipue
592 2842 617 2882 in
633 2841 758 2883 Germania
775 2843 816 2882 sub
832 2843 928 2883 turbata
943 2840 1017 2892 specie

114 2913 212 2964 pictatis
228 2912 386 2954 incedentibus
403 2913 546 2966 resisterent,
565 2914 685 2955 interiecti
702 2916 774 2957 seur.
