2188 3178
90 82 131 124 214
413 86 506 119 Itrelutio
521 87 669 126 provinciarum

88 214 157 268 atltae,
172 218 199 257 ut
211 215 297 256 Pisana
310 218 332 256 et
346 215 507 268 Viterbiensis,
523 228 581 268 quae
590 216 744 269 probabiliter
756 229 818 258 anno
831 219 887 258 1221
900 220 996 261 111111111-

90 287 240 340 scriptionem
259 287 380 339 specialem
399 290 566 331 formaverunt.
587 291 651 332 Haec
668 289 787 343 provincia
805 302 852 331 uon
872 292 944 332 solam
964 293 995 334 vi-

99 360 222 402 cinitatem
243 361 314 410 Urbis
336 362 477 405 continebat.
501 362 570 405 «Sed
592 360 647 405 olim
668 364 717 406 eius
738 364 840 405 confinia
861 364 934 407 latius
955 374 995 418 pa*

90 437 156 476 tuere
163 446 168 487 ς
181 437 273 487 praeter
285 436 346 477 enim
357 449 439 489 agrum
451 438 581 478 Romanum
593 450 633 479 seu
644 438 737 480 Latium
748 440 824 496 vetus,
837 438 958 479 Etruriam
970 453 996 481 u·-

89 507 205 550 niversam
219 511 243 550 et
257 509 384 564 Umbriam,
401 522 457 563 quas
472 509 578 562 regiones
592 512 622 552 ad
637 511 753 554 Orientem
769 514 797 557 et,
808 511 995 564 Septentrionem

89 582 208 634 Apennini
220 585 310 633 montes
321 583 525 636 circumsaepiunt,
538 583 622 626 habuit
634 597 721 638 quoque
733 586 869 627 adiunctam
881 585 994 638 reliquam

89 655 249 698 meridionalis
263 657 348 699 Italiae
360 659 457 710 partem,
471 656 545 709 Regni
557 658 650 700 nomine
662 659 812 712 appellatam,
827 671 885 712 qnae
898 659 994 712 Tyrrhe-

89 730 190 771 nomari
201 733 224 772 et
234 731 355 773 Adriatico
365 732 472 784 alluitur,
484 731 580 784 insuper
592 731 696 774 Siciliam
707 733 808 775 insulam
819 734 939 786 complexa
949 735 992 775 est.

89 804 146 844 'fam
158 804 250 857 amplae
261 804 393 857 primitivae
405 804 538 857 provinciae
550 804 655 857 regiones
668 809 816 848 recensentur
828 807 854 848 in
868 807 994 859 diplomate

89 878 198 930 Gregorii
212 879 243 919 IX
257 890 317 920 anno
330 870 385 920 1235
400 879 463 931 dato,
479 879 504 918 in
520 891 564 931 quo
579 879 612 920 sic
626 879 711 932 legitur
728 881 841 924 «Dilecto
857 881 905 923 filio
919 880 994 933 priori

89 952 229 1002 provinciali
241 953 295 993 Ord.
309 952 430 994 Praed.‘in
442 953 513 1004 Urbe,
526 954 605 1005 Regno
620 953 720 1007 Siciliae,
736 954 884 1008 Campaniae,
899 956 994 996 Ducatu

89 1025 181 1077 Spoleti
191 1028 214 1067 et
226 1025 320 1067 Tusciae
331 1026 429 1067 salutem
441 1041 452 1066 a
464 1025 510 1067 His
520 1026 594 1079 igitur
605 1026 737 1079 regionibus
748 1028 869 1080 provincia
880 1040 938 1080 quae
949 1029 993 1069 Ro-

89 1110 159 1141 mana
177 1098 240 1140 dicta
257 1101 300 1152 est,
319 1099 519 1141 constituebatur:
542 1100 589 1151 sed,
608 1100 745 1152 praesertim
763 1101 839 1153 primo
859 1101 950 1143 saeculo
969 1104 993 1143 et

88 1173 164 1214 altero
185 1172 281 1214 Tusciae
302 1184 389 1226 quoque
410 1172 737 1227 provincia‘nuncupabatur,
760 1175 822 1227 quod
842 1174 917 1216 maior
937 1186 992 1226 pars

88 1247 113 1287 in
132 1246 216 1288 Tuscia
233 1246 294 1288 iacet
311 1249 335 1288 et
352 1246 424 1288 etiam
442 1247 529 1288 iratres
548 1246 617 1289 huius
635 1247 767 1299 provinciae
787 1248 856 1290 Tusci
874 1244 992 1290 interdum

88 1323 144 1361 sunt
163 1321 284 1373 appellati,
304 1321 359 1362 licet
377 1320 402 1361 in
421 1333 449 1362 ea
467 1320 520 1362 nati
538 1333 584 1362 non
603 1320 704 1362 fuerint:
726 1321 778 1364 ideo
798 1323 827 1363 D.
847 1323 949 1367 ,Thomas
966 1322 992 1363 111

88 1393 193 1446 Regestis
211 1394 348 1436 Academiae
366 1394 507 1436 Parisiensis
525 1395 614 1436 Tuscus
632 1393 725 1436 dicitnr.
745 1396 811 1437 Haec
829 1395 949 1447 provincia
964 1396 992 1436 ob

84 1468 182 1510 nimiam
193 1469 326 1510 vastitatem
336 1472 439 1511 entremo
451 1469 543 1511 saeculo
553 1470 578 1510 in
590 1469 647 1511 duas
659 1470 759 1511 dissecta
769 1473 805 1512 est
815 1473 894 1523 partes
906 1485 925 1511 1).
938 1472 992 1512 1303

85 1543 206 1595 provincia
221 1544 325 1584 Romana
340 1545 466 1585 conventus
481 1544 508 1584 25
524 1544 725 1597 complectebatur,
743 1556 841 1596 quorum
855 1543 1002 1585 famosiores

87 1618 181 1667 praeter
194 1615 241 1656 iam
255 1616 341 1657 relatos
355 1618 410 1657 sunt
424 1615 595 1670 Minervitanus
609 1615 637 1657 de
651 1617 720 1668 Urbe,
736 1616 905 1669 Urbevetanus,
921 1616 991 1657 Peru-

87 1689 161 1741 sinus,
175 1689 294 1742 Aretinus,
308 1689 422 1742 Lucanus,
437 1689 583 1742 Anagninus,
599 1690 745 1741 Spoletanus,
760 1688 920 1741 Pistoriensis,
934 1691 991 1731 Rea-

87 1763 160 1816 tinus,
181 1762 325 1815 Narntensis,
346 1762 491 1815 Tiburtinus,
512 1763 657 1816 Eugubinus,
677 1762 798 1815 Fulginas,
820 1762 989 1815 Gurtoniensiu,

57 1822 59 1826 ¹
83 1838 247 1879 accedentibus
263 1840 343 1889 postea
359 1830 466 1892 aliis,'ut
481 1839 623 1890 Merennate,
641 1838 808 1880 Terracinensi.
839 1868 841 1872 .

142 1910 274 1952 Oonventus
290 1911 313 1952 S.
329 1910 431 1952 Sabinae
446 1912 474 1952 de
489 1911 551 1952 Urbe
566 1922 622 1962 prae
637 1910 719 1952 ceteris
734 1909 833 1962 gloriam
849 1908 989 1962 singularem

84 1996 113 2025 ex
132 1985 265 2035 praesentia
284 1984 417 2026 fundatoris
438 1984 530 2038 ordinis
547 1986 570 2025 et
589 1983 760 2045 primitivorum
771 1983 882 2023 fratrum
902 1994 990 2024 necnon

85 2071 113 2099 ex
129 2057 257 2100 residentia
271 2059 376 2102 Romana
392 2058 558 2111 magistrorum
575 2056 723 2109 generalium,
742 2055 762 2097 si
779 2056 806 2097 de
822 2068 849 2097 ea
866 2068 990 2100 sermoes

85 2133 215 2184 se‘potest,
237 2132 313 2177 habet.
337 2133 365 2172 In
387 2130 532 2173 documentis
554 2130 645 2183 quidem
666 2129 716 2170 eius
735 2129 830 2171 nonnisi
851 2142 912 2171 anno
933 2119 988 2172 1222

84 2218 167 2248 nomen
181 2207 215 2259 fit,
229 2210 254 2248 alt
267 2208 328 2248 certe
340 2206 387 2248 iam
400 2209 470 2248 antea
483 2206 571 2247 nostris
585 2205 730 2247 concreditus
743 2206 786 2246 est.

125 2280 251 2337 Florebant
261 2279 294 2323 ibi
303 2280 374 2322 etiam
385 2281 465 2322 studia
476 2292 550 2322 sacra.
564 2281 593 2321 In
603 2279 694 2320 saeculo
704 2278 757 2319 XIV
767 2278 883 2320 iacturam
894 2290 989 2320 conven-

85 2355 125 2394 tus
135 2364 219 2405 passus
228 2354 289 2395 circa
300 2365 386 2394 annum
397 2354 451 2394 troo
463 2366 491 2394 ex
501 2351 667 2393 reformatione
677 2351 779 2403 regulari
790 2350 945 2404 pulchriorem
957 2350 989 2392 vi-

85 2428 134 2467 tam
149 2427 223 2468 denuo
237 2427 323 2479 hausit,
339 2428 393 2468 dnm
407 2428 438 2468 ad
453 2424 654 2478 congregationem
669 2424 818 2465 reformatam
833 2423 963 2465 transierit.

140 2502 257 2542 Romanus
275 2503 400 2543 conventus
420 2501 443 2542 S.
464 2498 554 2540 Mariae
573 2509 644 2548 supra
662 2497 788 2538 Mineruam
807 2509 868 2539 anno
887 2498 942 2538 1255
961 2509 988 2538 ex

82 2576 255 2618 conditionibus
265 2576 345 2628 'parvis
357 2574 437 2617 crevit.
453 2575 517 2615 Tunc
528 2572 589 2614 enirn
602 2572 772 2624 paenitentibus
785 2573 879 2614 feminis
893 2574 917 2612 in
929 2583 989 2612 com-

84 2649 150 2690 muni
158 2649 296 2702 regulariter
304 2649 337 2690 ibi
345 2649 442 2700 1252s53
451 2644 583 2688 viventibus
591 2645 620 2686 ad
630 2645 653 2687 S.
664 2645 815 2686 Pancratium
824 2643 932 2697 migratis
940 2644 988 2684 fra-

83 2726 134 2765 tres
146 2722 321 2764 Praedicatores
334 2722 427 2764 domum
441 2720 508 2760 illam
522 2717 627 2759 relictam
641 2730 655 2765 a
669 2719 761 2761 Summo
776 2718 891 2760 Pontifice
904 2717 987 2757 haben-

80 2799 136 2840 dam
147 2796 266 2849 pctiernnt
277 2798 300 2838 et
310 2795 474 2849 impetrarunt.
485 2794 539 2842 ⁴(lua
551 2795 641 2839 demum
651 2792 751 2836 feliciter
762 2794 863 2835 obtenda
875 2790 987 2842 capellam

81 2870 185 2925 hospitio
199 2870 261 2912 cirea
274 2881 359 2912 anuum
373 2869 429 2911 1255
443 2867 585 2910 adiecerunt.
602 2868 653 2910 Huc
667 2867 841 2921 evangelizandi
855 2876 926 2907 causa
941 2865 988 2907 fra·

83 2948 131 2986 tres
143 2956 155 2986 e
167 2944 281 2985 conventu
291 2943 316 2985 S.
331 2942 431 2984 Sabinae
443 2940 618 2983 descendebant.
633 2942 667 2983 De
679 2941 722 2982 hac
734 2940 801 2982 domo
814 2938 877 2980 valet
889 2938 949 2989 quod
961 2937 987 2978 in

81 3001 187 3071 capitulo
196 3016 334 3070 provinciali
343 3014 534 3056 Tudertinol266
544 3014 642 3067 legitur:
657 3028 667 3054 c
679 3013 812 3054 Inhibemus
822 3010 929 3052 districte
939 3011 987 3052 fra-
