2101 3187
428 70 523 106 Rationes
542 72 653 107 studIorum
838 95 840 99 ·
948 78 988 119 127

87 205 195 253 poterant
205 205 325 256 curarunt,
336 203 438 254 aptiores
445 204 569 244 'studentes
578 206 644 244 extra
654 204 796 256 provinciam
806 205 927 247 mittendo.
940 208 988 248 bla-

87 276 147 317 teria
159 276 232 329 igitur
243 268 273 319 ab
281 276 380 319 ‘exordio
393 277 417 317 in
431 277 510 318 studia
522 278 651 331 theologica
664 279 700 319 vel
713 282 793 331 postea
806 281 831 321 in
845 281 924 322 studia
938 281 987 333 phi·
1007 273 1008 276 ¹

87 351 204 403 losophica
216 354 239 393 et
252 351 380 403 theologica
394 351 551 393 dividebatur:
562 352 719 394 Particulares
733 355 844 396 materiae
857 367 875 397 e.
891 367 912 408 g.
927 355 987 397 iuris

86 425 110 465 in
129 427 239 476 qiiantum
257 424 372 467 sacerdoti
389 425 531 467 necessariae
548 429 623 479 erant,
642 426 736 469 lectioni
753 428 894 481 theologicae
912 429 986 471 immi-

85 500 235 540 scebautur²⁷.
754 491 755 494 ¹

140 575 222 616 Annus
240 568 391 615 scholasticus
408 576 437 615 ab
454 577 551 616 exeunte
567 587 643 617 mense
661 576 785 627 septembri
805 588 874 628 usque
892 576 986 619 circiter

85 649 114 689 ad
130 648 195 690 linem
211 648 295 689 mensis
309 647 369 688 iunii
383 649 518 689 currebat²⁸.

141 723 265 764 Stridentes
276 722 335 763 varii
344 721 459 774 distingui
469 725 573 773 possunt.
585 725 646 764 Ante
657 735 734 765 omnes
745 723 763 763 ii
773 724 909 766 nominandi
921 728 983 775 sunt,
1017 737 1019 741 ·

85 796 123 847 qui
138 807 230 836 cursum
245 808 311 836 suum
326 795 483 837 institutionis
498 795 584 847 primae
598 797 623 838 in
637 797 715 838 schola
730 798 877 839 conventuali
892 799 985 850 perfice-

84 882 108 911 re
124 870 213 911 debent.
229 870 278 910 Alii
293 871 355 921 snnt,
371 869 410 922 qui
425 882 472 910 rem
487 872 588 921 repetere
602 870 687 912 ibidem
702 872 818 912 tenentur.
836 871 885 912 Alii
900 872 937 923 qui
954 874 984 914 ad
1003 914 1005 917 ,

37 938 39 941 ’
84 943 249 994 proficiendum
264 934 418 984 destinantur.
435 943 457 984 Ii
471 943 510 996 qui
525 944 600 986 studio
615 957 656 986 suo
670 944 807 986 incumbunt
822 947 849 986 ut
863 946 931 998 praxi
945 958 984 998 ap·
1040 961 1042 964 ’

83 1016 207 1072 plicentur,
223 1029 315 1058 cursum
330 1029 397 1058 suum
411 1017 515 1057 examine
529 1020 647 1069 coronant,
664 1020 788 1070 antequam
802 1021 832 1060 ad
848 1019 984 1060 exercitium
1001 1033 1002 1036 ¹

37 1081 39 1084 ’
84 1091 173 1132 muneri
192 1090 360 1142 praedicatoris
378 1091 413 1132 vel
432 1091 568 1132 confessarii
586 1092 751 1132 admittantur.
772 1094 806 1133 De
825 1092 929 1139 examine
949 1105 984 1134 e0-

83 1176 134 1205 rum
149 1165 188 1217 qui
202 1166 232 1206 ad
246 1165 426 1216 praedicandum
442 1164 589 1223 destinantur
601 1165 648 1206 iam
663 1165 844 1207 constitutiones
858 1158 914 1207 anni
929 1167 983 1208 1228

83 1238 236 1290 loquuntnr²⁹.
251 1238 384 1280 Cardinalis
399 1239 466 1290 Hugo
480 1238 505 1278 in
519 1237 598 1279 littera
612 1240 641 1279 ad
655 1239 797 1290 capitulares
812 1240 929 1292 generales
943 1252 983 1281 an-

83 1313 174 1355 1111257
187 1313 214 1353 de
226 1312 337 1365 eligendis
350 1312 612 1354 confessariis·fidelium
626 1313 732 1364 maturis,
747 1313 862 1365 discretis,
878 1313 984 1365 probatis

83 1385 191 1433 scribit³⁰.
211 1385 289 1427 Etiam
306 1398 333 1427 ex
351 1385 522 1427 commentariis
540 1386 662 1427 Humberti
680 1388 703 1427 et
721 1398 748 1427 ex
765 1387 851 1428 Rotulo
870 1387 982 1439 pugillari

83 1460 209 1512 Augustini
225 1461 252 1501 de
268 1460 341 1501 Dacia
358 1459 385 1501 de
401 1459 525 1500 exa-mine³l
542 1459 647 1500 iuvenum
665 1461 810 1501 sacerdotum
829 1461 982 1512 (presbytera-

82 1533 111 1575 lis
126 1535 181 1575 ordo
196 1536 251 1574 tunc
266 1546 326 1575 anno
341 1533 427 1575 aetatis
441 1534 474 1585 25,
491 1536 570 1585 postea
584 1545 635 1574 cum
651 1533 823 1583 dispensatione
838 1545 906 1586 saepe
920 1521 981 1576 anno

82 1608 167 1649 aetatis
180 1608 207 1648 22
219 1608 332 1659 completo
346 1607 474 1658 dabatur)³-²
488 1606 549 1647 circa
563 1605 673 1647 materias
684 1606 814 1659 theologiae
827 1606 944 1659 practicae
959 1619 982 1648 a·

81 1683 146 1732 perte
161 1683 259 1722 constat.
277 1682 313 1721 Ad
329 1680 509 1721 constitutiones
524 1680 663 1732 apostolicas
680 1680 795 1721 Bonifatii
811 1681 873 1722 VIII
889 1679 913 1720 in
930 1692 982 1732 pro-

81 1754 157 1796 vincia
169 1754 304 1796 Provinciae
317 1754 371 1794 1302
383 1753 514 1794 iniunctum
527 1756 562 1794 est
575 1766 585 1792 c
597 1754 657 1805 qired
670 1754 756 1794 iratres
768 1753 847 1795 idonei
859 1753 930 1806 periti
943 1752 994 1795 lit:

80 1828 160 1879 terati,
177 1827 366 1879 vitaeprobatae
381 1838 421 1878 per
437 1826 536 1878 priorem
552 1827 716 1878 provincialem
732 1828 767 1868 vel
784 1827 832 1868 vice
849 1827 923 1880 ipsius
940 1839 981 1880 per

76 1902 140 1943 valios
155 1903 332 1961 praesententur
347 1901 459 1952 praelatis
474 1912 516 1953 pro
531 1900 715 1943 confessionibus
730 1900 859 1953 audiendis,
877 1902 907 1942 ad
924 1913 980 1952 quas

80 1975 207 2018 aiuliendas
222 1976 309 2016 iratres
323 1975 400 2015 minus
415 1974 557 2015 sufficientes
571 1974 705 2015 nullatenus
721 1976 867 2026 exponantur
877 1976 916 2014 v³³.
934 1976 980 2016 Pro

80 2049 194 2091 iratribus
207 2047 410 2090 Praedicatoribus
424 2047 578 2089 confessiones
591 2048 744 2089 saecularium
758 2047 926 2099 excipientibus
940 2059 980 2089 an-

79 2134 123 2163 nus
137 2124 163 2164 30
178 2122 263 2164 aetatis
277 2121 404 2174 requisitus
417 2133 465 2162 esse
479 2120 597 2162 vinctura.
614 2122 709 2162 Fratres
724 2121 763 2172 qui
778 2121 808 2161 ad
823 2120 979 2162 ministerium

80 2207 170 2236 sacrum
187 2196 233 2237 iam
250 2195 386 2237 admissiin
403 2194 553 2235 conventibus
569 2194 694 2236 actualiter
710 2194 777 2235 liberi
795 2195 870 2247 erant,
889 2194 980 2236 scholas

76 2270 242 2310 *conventuales
260 2271 407 2321 frequentare
426 2270 572 2325 tenebantur,
594 2267 682 2322 Invitos
702 2267 767 2319 prior
786 2269 816 2309 ad
836 2268 926 2310 scholas
946 2280 979 2309 se·

76 2344 179 2396 quendas
195 2345 329 2396 compellere
345 2344 406 2385 sient
421 2343 491 2385 etiam
506 2343 555 2395 ipse
571 2342 654 2384 scholis
670 2343 779 2385 assistere
795 2343 881 2385 debuit.
913 2371 916 2376 -

134 2419 230 2458 Demnm
244 2418 338 2471 fratres,
355 2418 394 2470 qui
407 2418 536 2468 proiectum
550 2418 575 2456 in
590 2417 675 2458 studiis
690 2419 760 2469 atque
773 2416 930 2469 aptitudinem
944 2415 979 2456 in-

66 2509 68 2512 *
79 2492 232 2534 tellectualem
243 2493 411 2542 promittebant
422 2492 452 2533 ad
462 2491 541 2532 studia
551 2491 684 2542 plerumque
695 2490 783 2531 maiora
794 2490 976 2531 mittebantur³⁵.

78 2566 209 2619 Disciplina
222 2565 366 2606 studentium
380 2565 405 2606 in
420 2565 505 2607 studiis
519 2564 664 2616 generalibus
679 2563 771 2615 saepius
785 2563 810 2604 in
825 2563 926 2606 comitiis
942 2575 978 2616 ge-

78 2640 196 2682 neralibus
209 2638 367 2689 regulabatur,
385 2639 474 2680 sivede
488 2638 551 2679 victu
566 2639 588 2678 et
603 2638 690 2679 vestitu
704 2636 850 2679 convenienti
865 2638 978 2690 agebatur

76 2716 124 2756 sive
138 2716 164 2755 de
177 2725 201 2754 re
214 2711 359 2753 scholastica.
375 2726 386 2751 n
398 2713 426 2752 In
439 2711 538 2764 singulis
551 2711 677 2763 provinciis
690 2711 788 2763 singulis
802 2709 871 2752 annis
884 2711 909 2751 in
924 2722 977 2763 quo-

19 2776 20 2779 *
77 2789 133 2830 libet
147 2785 283 2840 provinciali
297 2784 400 2835 capitulo
415 2785 536 2826 ordinetur
550 2785 650 2837 qrialiter
664 2784 813 2826 studentibus
826 2784 977 2836 provideatur

75 2874 132 2903 suae
150 2859 280 2914 provinciae
299 2857 375 2898 missis
394 2859 424 2897 ad
442 2870 596 2910 quaecumque
615 2857 693 2899 studia
712 2858 829 2910 generalia
840 2859 879 2898 »³⁶.
901 2870 912 2897 c
924 2847 976 2899 siu.

77 2938 157 2978 dentes
171 2933 341 2987 provinciarum
356 2930 381 2970 in
397 2931 482 2972 studiis
499 2932 643 2983 generalibus
659 2943 748 2973 necnon
763 2934 787 2973 et
802 2932 871 2973 ceteri
889 2932 974 2971 iratres

49 3045 51 3051 s
76 3012 162 3052 vadant
177 3010 207 3050 ad
223 3007 311 3049 scholas
327 3007 350 3047 et
365 3003 462 3045 audiant
478 3004 613 3046 lectiones...
631 3005 719 3045 nullam
736 3017 816 3057 ragam
833 3003 973 3046 occasionem
