<?xml version="1.0" encoding="UTF-8"?>
<!DOCTYPE html PUBLIC "-//W3C//DTD XHTML 1.0 Transitional//EN"
    "http://www.w3.org/TR/xhtml1/DTD/xhtml1-transitional.dtd">
<html xmlns="http://www.w3.org/1999/xhtml" xml:lang="en" lang="en">
 <head>
  <title>
</title>
<meta http-equiv="Content-Type" content="text/html;charset=utf-8" />
  <meta name='ocr-system' content='tesseract 3.04.00' />
  <meta name='ocr-capabilities' content='ocr_page ocr_carea ocr_par ocr_line ocrx_word'/>
</head>
<body>
  <div class='ocr_page' id='page_1' title='image "MN5081ucmf_3_0078.png"; bbox 0 0 2101 3187; ppageno 0'>
   <div class='ocr_carea' id='block_1_1' title="bbox 367 48 1008 114">
    <p class='ocr_par' dir='ltr' id='par_1_1' title="bbox 367 48 1008 114">
     <span class='ocr_line' id='line_1_1' title="bbox 367 48 1008 114; baseline 0.016 -10"><span class='ocrx_word' id='word_1_1' title='bbox 367 67 368 70; x_wconf 73' lang='grc'>’</span> <span class='ocrx_word' id='word_1_2' title='bbox 436 72 529 113; x_wconf 75' lang='lat' dir='ltr'><strong>Magistri</strong></span> <span class='ocrx_word' id='word_1_3' title='bbox 548 73 650 113; x_wconf 79' lang='lat' dir='ltr'>generales</span> <span class='ocrx_word' id='word_1_4' title='bbox 897 48 898 51; x_wconf 10' lang='grc' dir='ltr'><strong>Ἰ</strong></span> <span class='ocrx_word' id='word_1_5' title='bbox 981 74 1008 114; x_wconf 78' lang='lat'>51</span> 
     </span>
    </p>
   </div>
   <div class='ocr_carea' id='block_1_2' title="bbox 45 197 1030 2825">
    <p class='ocr_par' dir='ltr' id='par_1_2' title="bbox 104 197 1025 405">
     <span class='ocr_line' id='line_1_2' title="bbox 104 197 1007 256; baseline 0.002 -16"><span class='ocrx_word' id='word_1_6' title='bbox 104 202 221 240; x_wconf 88' lang='lat' dir='ltr'>netensom</span> <span class='ocrx_word' id='word_1_7' title='bbox 236 201 354 251; x_wconf 88' lang='lat' dir='ltr'>promotus</span> <span class='ocrx_word' id='word_1_8' title='bbox 369 210 381 239; x_wconf 94' lang='lat' dir='ltr'>e</span> <span class='ocrx_word' id='word_1_9' title='bbox 395 197 529 254; x_wconf 87' lang='lat' dir='ltr'>magisterio</span> <span class='ocrx_word' id='word_1_10' title='bbox 545 197 652 239; x_wconf 71' lang='lat' dir='ltr'>discessit</span> <span class='ocrx_word' id='word_1_11' title='bbox 670 199 696 256; x_wconf 86' lang='lat'>(†</span> <span class='ocrx_word' id='word_1_12' title='bbox 711 198 802 250; x_wconf 65' lang='grc'><strong>1334111</strong></span> <span class='ocrx_word' id='word_1_13' title='bbox 819 200 970 242; x_wconf 90' lang='lat' dir='ltr'>Praesulatus</span> <span class='ocrx_word' id='word_1_14' title='bbox 985 200 1007 242; x_wconf 88' lang='lat' dir='ltr'>ei</span> 
     </span>
     <span class='ocr_line' id='line_1_3' title="bbox 104 260 1025 325; baseline 0 -11"><span class='ocrx_word' id='word_1_15' title='bbox 104 272 209 315; x_wconf 88' lang='lat' dir='ltr'>deoretus</span> <span class='ocrx_word' id='word_1_16' title='bbox 225 275 248 314; x_wconf 90' lang='lat' dir='ltr'>et</span> <span class='ocrx_word' id='word_1_17' title='bbox 264 271 422 314; x_wconf 90' lang='lat' dir='ltr'>testimonium</span> <span class='ocrx_word' id='word_1_18' title='bbox 439 271 610 313; x_wconf 86' lang='lat' dir='ltr'>benevolentiae</span> <span class='ocrx_word' id='word_1_19' title='bbox 627 271 761 325; x_wconf 85' lang='lat' dir='ltr'>pontificiae</span> <span class='ocrx_word' id='word_1_20' title='bbox 777 272 802 312; x_wconf 90' lang='lat' dir='ltr'>in</span> <span class='ocrx_word' id='word_1_21' title='bbox 818 284 869 313; x_wconf 90' lang='lat' dir='ltr'>eum</span> <span class='ocrx_word' id='word_1_22' title='bbox 885 272 932 313; x_wconf 88' lang='grc'><strong>11111</strong></span> <span class='ocrx_word' id='word_1_23' title='bbox 951 275 1007 325; x_wconf 84' lang='grc'><strong>(1110-</strong></span> <span class='ocrx_word' id='word_1_24' title='bbox 1024 260 1025 263; x_wconf 24' lang='grc'><strong>“</strong></span> 
     </span>
     <span class='ocr_line' id='line_1_4' title="bbox 105 344 1007 405; baseline 0.004 -20"><span class='ocrx_word' id='word_1_25' title='bbox 105 357 150 396; x_wconf 81' lang='lat' dir='ltr'>gna</span> <span class='ocrx_word' id='word_1_26' title='bbox 166 357 208 397; x_wconf 85' lang='lat' dir='ltr'>pro</span> <span class='ocrx_word' id='word_1_27' title='bbox 225 345 290 387; x_wconf 87' lang='lat' dir='ltr'>curia</span> <span class='ocrx_word' id='word_1_28' title='bbox 307 346 411 386; x_wconf 82' lang='lat' dir='ltr'>Romana</span> <span class='ocrx_word' id='word_1_29' title='bbox 428 345 453 386; x_wconf 88' lang='lat' dir='ltr'>in</span> <span class='ocrx_word' id='word_1_30' title='bbox 470 346 537 388; x_wconf 85' lang='lat' dir='ltr'>rebus</span> <span class='ocrx_word' id='word_1_31' title='bbox 555 345 665 398; x_wconf 83' lang='lat' dir='ltr'>gravibus</span> <span class='ocrx_word' id='word_1_32' title='bbox 682 344 844 405; x_wconf 87' lang='lat' dir='ltr'>ecclesiasticis</span> <span class='ocrx_word' id='word_1_33' title='bbox 861 349 885 388; x_wconf 93' lang='lat' dir='ltr'>et</span> <span class='ocrx_word' id='word_1_34' title='bbox 902 345 1007 398; x_wconf 81' lang='lat' dir='ltr'>politicis</span> 
     </span>
    </p>

    <p class='ocr_par' dir='ltr' id='par_1_3' title="bbox 69 406 1026 841">
     <span class='ocr_line' id='line_1_5' title="bbox 69 406 1006 472; baseline -0.001 -12"><span class='ocrx_word' id='word_1_35' title='bbox 69 428 70 432; x_wconf 74' lang='grc'>’</span> <span class='ocrx_word' id='word_1_36' title='bbox 103 420 242 472; x_wconf 69' lang='lat' dir='ltr'>negotiando</span> <span class='ocrx_word' id='word_1_37' title='bbox 257 420 394 472; x_wconf 74' lang='lat' dir='ltr'>perfecerat)</span> <span class='ocrx_word' id='word_1_38' title='bbox 410 422 434 461; x_wconf 91' lang='lat' dir='ltr'>et</span> <span class='ocrx_word' id='word_1_39' title='bbox 449 421 531 462; x_wconf 87' lang='lat' dir='ltr'>modus</span> <span class='ocrx_word' id='word_1_40' title='bbox 546 432 597 461; x_wconf 92' lang='lat' dir='ltr'>eum</span> <span class='ocrx_word' id='word_1_41' title='bbox 613 421 642 461; x_wconf 91' lang='lat' dir='ltr'>ab</span> <span class='ocrx_word' id='word_1_42' title='bbox 658 419 735 461; x_wconf 84' lang='lat' dir='ltr'>cilicio</span> <span class='ocrx_word' id='word_1_43' title='bbox 752 420 858 472; x_wconf 86' lang='lat' dir='ltr'>magistri</span> <span class='ocrx_word' id='word_1_44' title='bbox 873 406 963 463; x_wconf 84' lang='lat' dir='ltr'>ordinis</span> <span class='ocrx_word' id='word_1_45' title='bbox 979 419 1006 460; x_wconf 90' lang='lat' dir='ltr'>li-</span> 
     </span>
     <span class='ocr_line' id='line_1_6' title="bbox 104 492 1007 546; baseline 0 -12"><span class='ocrx_word' id='word_1_46' title='bbox 104 493 207 545; x_wconf 84' lang='lat' dir='ltr'>beraudi,</span> <span class='ocrx_word' id='word_1_47' title='bbox 228 505 280 534; x_wconf 90' lang='lat' dir='ltr'>cum</span> <span class='ocrx_word' id='word_1_48' title='bbox 299 492 435 534; x_wconf 88' lang='lat' dir='ltr'>commercia</span> <span class='ocrx_word' id='word_1_49' title='bbox 455 492 587 545; x_wconf 84' lang='lat' dir='ltr'>principum</span> <span class='ocrx_word' id='word_1_50' title='bbox 606 505 653 535; x_wconf 90' lang='lat' dir='ltr'>non</span> <span class='ocrx_word' id='word_1_51' title='bbox 672 492 742 535; x_wconf 85' lang='grc'><strong>100110</strong></span> <span class='ocrx_word' id='word_1_52' title='bbox 762 492 942 546; x_wconf 72' lang='lat' dir='ltr'>obligationibus</span> <span class='ocrx_word' id='word_1_53' title='bbox 963 505 1007 545; x_wconf 88' lang='lat' dir='ltr'>pro</span> 
     </span>
     <span class='ocr_line' id='line_1_7' title="bbox 103 566 1003 620; baseline 0.001 -12"><span class='ocrx_word' id='word_1_54' title='bbox 103 568 184 609; x_wconf 91' lang='lat' dir='ltr'>ordine</span> <span class='ocrx_word' id='word_1_55' title='bbox 205 566 358 619; x_wconf 84' lang='lat' dir='ltr'>suscipiendis</span> <span class='ocrx_word' id='word_1_56' title='bbox 379 567 463 609; x_wconf 88' lang='lat' dir='ltr'>addere</span> <span class='ocrx_word' id='word_1_57' title='bbox 484 567 613 618; x_wconf 63' lang='lat' dir='ltr'>valueritll.</span> <span class='ocrx_word' id='word_1_58' title='bbox 636 566 753 620; x_wconf 75' lang='lat' dir='ltr'>Capitulis</span> <span class='ocrx_word' id='word_1_59' title='bbox 774 566 920 620; x_wconf 72' lang='lat' dir='ltr'>generalibus</span> <span class='ocrx_word' id='word_1_60' title='bbox 940 566 1003 620; x_wconf 82' lang='lat'>1355,</span> 
     </span>
     <span class='ocr_line' id='line_1_8' title="bbox 103 640 1005 694; baseline -0.001 -11"><span class='ocrx_word' id='word_1_61' title='bbox 103 643 165 692; x_wconf 87' lang='lat'>1360,</span> <span class='ocrx_word' id='word_1_62' title='bbox 179 642 242 692; x_wconf 81' lang='grc'><strong>1364,</strong></span> <span class='ocrx_word' id='word_1_63' title='bbox 257 641 311 683; x_wconf 87' lang='grc'><strong>1365</strong></span> <span class='ocrx_word' id='word_1_64' title='bbox 324 653 371 683; x_wconf 90' lang='lat' dir='ltr'>non</span> <span class='ocrx_word' id='word_1_65' title='bbox 384 641 505 693; x_wconf 89' lang='lat' dir='ltr'>intererat,</span> <span class='ocrx_word' id='word_1_66' title='bbox 522 640 576 694; x_wconf 88' lang='lat' dir='ltr'>quia</span> <span class='ocrx_word' id='word_1_67' title='bbox 590 641 626 682; x_wconf 92' lang='lat' dir='ltr'>vel</span> <span class='ocrx_word' id='word_1_68' title='bbox 640 641 791 682; x_wconf 86' lang='lat' dir='ltr'>coronationi·</span> <span class='ocrx_word' id='word_1_69' title='bbox 800 640 947 693; x_wconf 90' lang='lat' dir='ltr'>imperatoris</span> <span class='ocrx_word' id='word_1_70' title='bbox 962 640 1005 682; x_wconf 82' lang='lat' dir='ltr'>Oa·</span> 
     </span>
     <span class='ocr_line' id='line_1_9' title="bbox 103 714 1026 768; baseline -0.001 -12"><span class='ocrx_word' id='word_1_71' title='bbox 103 716 148 756; x_wconf 83' lang='grc'><strong>1011</strong></span> <span class='ocrx_word' id='word_1_72' title='bbox 164 716 198 757; x_wconf 83' lang='lat' dir='ltr'>IV</span> <span class='ocrx_word' id='word_1_73' title='bbox 214 714 274 767; x_wconf 88' lang='lat' dir='ltr'>regis</span> <span class='ocrx_word' id='word_1_74' title='bbox 290 714 413 757; x_wconf 88' lang='lat' dir='ltr'>Bohemiae</span> <span class='ocrx_word' id='word_1_75' title='bbox 429 716 514 756; x_wconf 86' lang='lat' dir='ltr'>Romae</span> <span class='ocrx_word' id='word_1_76' title='bbox 530 714 640 756; x_wconf 86' lang='lat' dir='ltr'>assistere</span> <span class='ocrx_word' id='word_1_77' title='bbox 656 714 691 756; x_wconf 92' lang='lat' dir='ltr'>vel</span> <span class='ocrx_word' id='word_1_78' title='bbox 708 726 784 768; x_wconf 87' lang='lat' dir='ltr'>regem</span> <span class='ocrx_word' id='word_1_79' title='bbox 800 714 899 768; x_wconf 83' lang='lat' dir='ltr'>Angliae</span> <span class='ocrx_word' id='word_1_80' title='bbox 916 715 1004 756; x_wconf 77' lang='grc'><strong>1111101-</strong></span> <span class='ocrx_word' id='word_1_81' title='bbox 1024 722 1026 728; x_wconf 78' lang='grc'>’</span> 
     </span>
     <span class='ocr_line' id='line_1_10' title="bbox 103 783 1004 841; baseline 0 -11"><span class='ocrx_word' id='word_1_82' title='bbox 103 789 158 830; x_wconf 89' lang='lat' dir='ltr'>dum</span> <span class='ocrx_word' id='word_1_83' title='bbox 174 790 214 831; x_wconf 86' lang='grc' dir='ltr'>ΠΙ</span> <span class='ocrx_word' id='word_1_84' title='bbox 230 788 321 841; x_wconf 83' lang='lat' dir='ltr'>legatus</span> <span class='ocrx_word' id='word_1_85' title='bbox 335 788 400 830; x_wconf 89' lang='lat' dir='ltr'>adire</span> <span class='ocrx_word' id='word_1_86' title='bbox 415 789 451 830; x_wconf 86' lang='lat' dir='ltr'>vel</span> <span class='ocrx_word' id='word_1_87' title='bbox 467 783 528 831; x_wconf 88' lang='lat' dir='ltr'>alias</span> <span class='ocrx_word' id='word_1_88' title='bbox 543 787 706 840; x_wconf 89' lang='lat' dir='ltr'>diplomatioas</span> <span class='ocrx_word' id='word_1_89' title='bbox 723 788 843 830; x_wconf 86' lang='lat' dir='ltr'>missiones</span> <span class='ocrx_word' id='word_1_90' title='bbox 860 788 951 841; x_wconf 83' lang='lat' dir='ltr'>explere</span> <span class='ocrx_word' id='word_1_91' title='bbox 967 788 1004 830; x_wconf 90' lang='lat' dir='ltr'>de-</span> 
     </span>
    </p>

    <p class='ocr_par' dir='ltr' id='par_1_4' title="bbox 64 850 1030 1496">
     <span class='ocr_line' id='line_1_11' title="bbox 64 850 1004 915; baseline 0 -12"><span class='ocrx_word' id='word_1_92' title='bbox 64 888 66 894; x_wconf 90' lang='lat'><em>·</em></span> <span class='ocrx_word' id='word_1_93' title='bbox 104 863 198 904; x_wconf 58' lang='grc'><strong>10110111.</strong></span> <span class='ocrx_word' id='word_1_94' title='bbox 216 862 328 906; x_wconf 77' lang='lat' dir='ltr'>Solemnis</span> <span class='ocrx_word' id='word_1_95' title='bbox 341 862 465 904; x_wconf 71' lang='lat' dir='ltr'>celebratio</span> <span class='ocrx_word' id='word_1_96' title='bbox 479 862 579 914; x_wconf 84' lang='lat' dir='ltr'>capituli</span> <span class='ocrx_word' id='word_1_97' title='bbox 592 861 707 915; x_wconf 86' lang='lat' dir='ltr'>generalis</span> <span class='ocrx_word' id='word_1_98' title='bbox 720 850 814 915; x_wconf 86' lang='lat' dir='ltr'>Pragae</span> <span class='ocrx_word' id='word_1_99' title='bbox 824 862 878 904; x_wconf 85' lang='grc'><strong>1359</strong></span> <span class='ocrx_word' id='word_1_100' title='bbox 892 862 1004 904; x_wconf 87' lang='lat' dir='ltr'>instituta</span> 
     </span>
     <span class='ocr_line' id='line_1_12' title="bbox 102 935 1004 987; baseline 0.002 -11"><span class='ocrx_word' id='word_1_101' title='bbox 102 948 149 976; x_wconf 90' lang='lat' dir='ltr'>non</span> <span class='ocrx_word' id='word_1_102' title='bbox 165 937 238 978; x_wconf 92' lang='lat' dir='ltr'>solum</span> <span class='ocrx_word' id='word_1_103' title='bbox 254 936 382 977; x_wconf 85' lang='lat' dir='ltr'>amicitiam</span> <span class='ocrx_word' id='word_1_104' title='bbox 399 936 480 978; x_wconf 92' lang='lat' dir='ltr'>domus</span> <span class='ocrx_word' id='word_1_105' title='bbox 496 936 572 987; x_wconf 78' lang='lat' dir='ltr'>regiae</span> <span class='ocrx_word' id='word_1_106' title='bbox 588 936 866 987; x_wconf 78' lang='lat' dir='ltr'>Luxemburgensiscum</span> <span class='ocrx_word' id='word_1_107' title='bbox 883 935 1004 978; x_wconf 87' lang='lat' dir='ltr'>Praedica-</span> 
     </span>
     <span class='ocr_line' id='line_1_13' title="bbox 102 1009 1003 1062; baseline -0.001 -11"><span class='ocrx_word' id='word_1_108' title='bbox 102 1009 192 1051; x_wconf 82' lang='lat' dir='ltr'>toribus</span> <span class='ocrx_word' id='word_1_109' title='bbox 209 1010 310 1062; x_wconf 86' lang='lat' dir='ltr'>signavit</span> <span class='ocrx_word' id='word_1_110' title='bbox 326 1011 365 1052; x_wconf 86' lang='lat' dir='ltr'>sed</span> <span class='ocrx_word' id='word_1_111' title='bbox 382 1009 452 1051; x_wconf 90' lang='lat' dir='ltr'>etiam</span> <span class='ocrx_word' id='word_1_112' title='bbox 468 1009 557 1062; x_wconf 82' lang='lat' dir='ltr'>optima</span> <span class='ocrx_word' id='word_1_113' title='bbox 572 1009 717 1062; x_wconf 55' lang='lat' dir='ltr'>protestatio&lt;</span> <span class='ocrx_word' id='word_1_114' title='bbox 731 1012 812 1052; x_wconf 87' lang='lat' dir='ltr'>eontra</span> <span class='ocrx_word' id='word_1_115' title='bbox 829 1009 1003 1051; x_wconf 85' lang='lat' dir='ltr'>venenationem</span> 
     </span>
     <span class='ocr_line' id='line_1_14' title="bbox 101 1068 1003 1136; baseline 0 -13"><span class='ocrx_word' id='word_1_116' title='bbox 101 1083 249 1135; x_wconf 85' lang='lat' dir='ltr'>imperatoris</span> <span class='ocrx_word' id='word_1_117' title='bbox 263 1083 359 1125; x_wconf 89' lang='lat' dir='ltr'>Henrici</span> <span class='ocrx_word' id='word_1_118' title='bbox 372 1085 421 1126; x_wconf 85' lang='lat' dir='ltr'>VII</span> <span class='ocrx_word' id='word_1_119' title='bbox 434 1095 475 1136; x_wconf 82' lang='lat' dir='ltr'>per</span> <span class='ocrx_word' id='word_1_120' title='bbox 490 1084 636 1132; x_wconf 88' lang='lat' dir='ltr'>Bernardum</span> <span class='ocrx_word' id='word_1_121' title='bbox 650 1068 678 1125; x_wconf 85' lang='lat' dir='ltr'>de</span> <span class='ocrx_word' id='word_1_122' title='bbox 692 1085 771 1125; x_wconf 90' lang='lat' dir='ltr'>Monte</span> <span class='ocrx_word' id='word_1_123' title='bbox 785 1083 903 1125; x_wconf 89' lang='lat' dir='ltr'>Politiano</span> <span class='ocrx_word' id='word_1_124' title='bbox 917 1084 946 1125; x_wconf 88' lang='lat' dir='ltr'>ab</span> <span class='ocrx_word' id='word_1_125' title='bbox 959 1082 1003 1124; x_wconf 91' lang='lat' dir='ltr'>ali-</span> 
     </span>
     <span class='ocr_line' id='line_1_15' title="bbox 101 1156 1003 1210; baseline 0.001 -13"><span class='ocrx_word' id='word_1_126' title='bbox 101 1157 184 1209; x_wconf 82' lang='lat' dir='ltr'>quibus</span> <span class='ocrx_word' id='word_1_127' title='bbox 199 1156 342 1199; x_wconf 85' lang='lat' dir='ltr'>inventatam</span> <span class='ocrx_word' id='word_1_128' title='bbox 358 1157 478 1199; x_wconf 66' lang='lat' dir='ltr'>exstrusa</span> <span class='ocrx_word' id='word_1_129' title='bbox 496 1159 556 1199; x_wconf 85' lang='lat' dir='ltr'>Prae</span> <span class='ocrx_word' id='word_1_130' title='bbox 571 1156 762 1210; x_wconf 84' lang='lat' dir='ltr'>occupationibus</span> <span class='ocrx_word' id='word_1_131' title='bbox 779 1156 840 1210; x_wconf 86' lang='lat' dir='ltr'>aliis,</span> <span class='ocrx_word' id='word_1_132' title='bbox 858 1156 941 1208; x_wconf 87' lang='lat' dir='ltr'>quibus</span> <span class='ocrx_word' id='word_1_133' title='bbox 956 1168 1003 1198; x_wconf 93' lang='lat' dir='ltr'>ma-</span> 
     </span>
     <span class='ocr_line' id='line_1_16' title="bbox 100 1229 1002 1290; baseline 0 -18"><span class='ocrx_word' id='word_1_134' title='bbox 100 1230 173 1283; x_wconf 86' lang='lat' dir='ltr'>gister</span> <span class='ocrx_word' id='word_1_135' title='bbox 189 1231 344 1282; x_wconf 87' lang='lat' dir='ltr'>detinebatur,</span> <span class='ocrx_word' id='word_1_136' title='bbox 361 1230 502 1272; x_wconf 84' lang='lat' dir='ltr'>instauratio</span> <span class='ocrx_word' id='word_1_137' title='bbox 519 1232 542 1272; x_wconf 91' lang='lat' dir='ltr'>et</span> <span class='ocrx_word' id='word_1_138' title='bbox 558 1230 702 1290; x_wconf 88' lang='lat' dir='ltr'>conservatio</span> <span class='ocrx_word' id='word_1_139' title='bbox 719 1229 807 1272; x_wconf 85' lang='lat' dir='ltr'>ordinis</span> <span class='ocrx_word' id='word_1_140' title='bbox 823 1231 941 1272; x_wconf 88' lang='lat' dir='ltr'>cedebant.</span> <span class='ocrx_word' id='word_1_141' title='bbox 960 1230 1002 1272; x_wconf 82' lang='lat' dir='ltr'>Oa-</span> 
     </span>
     <span class='ocr_line' id='line_1_17' title="bbox 100 1291 1002 1358; baseline -0.001 -14"><span class='ocrx_word' id='word_1_142' title='bbox 100 1304 201 1356; x_wconf 87' lang='lat' dir='ltr'>pitulum</span> <span class='ocrx_word' id='word_1_143' title='bbox 218 1304 424 1358; x_wconf 76' lang='lat' dir='ltr'>generalissimum,-</span> <span class='ocrx_word' id='word_1_144' title='bbox 444 1305 504 1357; x_wconf 89' lang='lat' dir='ltr'>quod</span> <span class='ocrx_word' id='word_1_145' title='bbox 520 1316 563 1356; x_wconf 82' lang='lat' dir='ltr'>pro</span> <span class='ocrx_word' id='word_1_146' title='bbox 580 1316 641 1348; x_wconf 90' lang='lat' dir='ltr'>anno</span> <span class='ocrx_word' id='word_1_147' title='bbox 658 1305 713 1346; x_wconf 84' lang='lat'>1351</span> <span class='ocrx_word' id='word_1_148' title='bbox 731 1304 751 1346; x_wconf 91' lang='lat' dir='ltr'>si</span> <span class='ocrx_word' id='word_1_149' title='bbox 768 1304 793 1345; x_wconf 91' lang='lat' dir='ltr'>id</span> <span class='ocrx_word' id='word_1_150' title='bbox 809 1303 935 1356; x_wconf 89' lang='lat' dir='ltr'>provinciis</span> <span class='ocrx_word' id='word_1_151' title='bbox 953 1291 1002 1355; x_wconf 86' lang='lat' dir='ltr'>pl-</span> 
     </span>
     <span class='ocr_line' id='line_1_18' title="bbox 100 1370 1030 1434; baseline -0.001 -15"><span class='ocrx_word' id='word_1_152' title='bbox 100 1380 162 1419; x_wconf 87' lang='lat' dir='ltr'>ceret</span> <span class='ocrx_word' id='word_1_153' title='bbox 176 1370 291 1419; x_wconf 85' lang='lat' dir='ltr'>intentum</span> <span class='ocrx_word' id='word_1_154' title='bbox 307 1380 365 1430; x_wconf 89' lang='lat' dir='ltr'>erat,</span> <span class='ocrx_word' id='word_1_155' title='bbox 381 1378 457 1419; x_wconf 84' lang='lat' dir='ltr'>laeum</span> <span class='ocrx_word' id='word_1_156' title='bbox 471 1390 517 1419; x_wconf 93' lang='lat' dir='ltr'>non</span> <span class='ocrx_word' id='word_1_157' title='bbox 532 1378 641 1419; x_wconf 84' lang='lat' dir='ltr'>habuit²⁰.</span> <span class='ocrx_word' id='word_1_158' title='bbox 659 1376 773 1420; x_wconf 77' lang='lat' dir='ltr'>Similiter</span> <span class='ocrx_word' id='word_1_159' title='bbox 788 1377 848 1419; x_wconf 91' lang='lat' dir='ltr'>aliae</span> <span class='ocrx_word' id='word_1_160' title='bbox 864 1376 953 1420; x_wconf 86' lang='lat' dir='ltr'>ordinis</span> <span class='ocrx_word' id='word_1_161' title='bbox 968 1388 1001 1418; x_wconf 89' lang='lat' dir='ltr'>re·</span> <span class='ocrx_word' id='word_1_162' title='bbox 1028 1432 1030 1434; x_wconf 12' lang='lat' dir='ltr'>v</span> 
     </span>
     <span class='ocr_line' id='line_1_19' title="bbox 100 1447 671 1496; baseline -0.004 -3"><span class='ocrx_word' id='word_1_163' title='bbox 100 1451 192 1493; x_wconf 83' lang='lat' dir='ltr'>levandi</span> <span class='ocrx_word' id='word_1_164' title='bbox 207 1451 337 1496; x_wconf 85' lang='lat' dir='ltr'>occasiones</span> <span class='ocrx_word' id='word_1_165' title='bbox 352 1452 443 1493; x_wconf 81' lang='lat' dir='ltr'>trustra</span> <span class='ocrx_word' id='word_1_166' title='bbox 458 1450 620 1493; x_wconf 86' lang='lat' dir='ltr'>mittebantur.</span> <span class='ocrx_word' id='word_1_167' title='bbox 670 1447 671 1450; x_wconf 69' lang='grc'>’</span> 
     </span>
    </p>

    <p class='ocr_par' dir='ltr' id='par_1_5' title="bbox 45 1523 1005 2825">
     <span class='ocr_line' id='line_1_20' title="bbox 155 1523 1001 1578; baseline -0.001 -13"><span class='ocrx_word' id='word_1_168' title='bbox 155 1525 220 1566; x_wconf 81' lang='lat' dir='ltr'>Elias</span> <span class='ocrx_word' id='word_1_169' title='bbox 232 1526 352 1577; x_wconf 79' lang='lat' dir='ltr'>Raymond</span> <span class='ocrx_word' id='word_1_170' title='bbox 365 1526 499 1578; x_wconf 63' lang='lat' dir='ltr'>dolosanus,</span> <span class='ocrx_word' id='word_1_171' title='bbox 514 1524 554 1577; x_wconf 88' lang='lat' dir='ltr'>qui</span> <span class='ocrx_word' id='word_1_172' title='bbox 566 1527 636 1566; x_wconf 87' lang='lat' dir='ltr'>antea</span> <span class='ocrx_word' id='word_1_173' title='bbox 649 1524 760 1577; x_wconf 88' lang='lat' dir='ltr'>magister</span> <span class='ocrx_word' id='word_1_174' title='bbox 773 1523 909 1577; x_wconf 80' lang='lat' dir='ltr'>theologiae,</span> <span class='ocrx_word' id='word_1_175' title='bbox 923 1524 1001 1576; x_wconf 88' lang='lat' dir='ltr'>paeni-</span> 
     </span>
     <span class='ocr_line' id='line_1_21' title="bbox 100 1596 1001 1652; baseline -0.001 -12"><span class='ocrx_word' id='word_1_176' title='bbox 100 1598 225 1640; x_wconf 87' lang='lat' dir='ltr'>tentiarius</span> <span class='ocrx_word' id='word_1_177' title='bbox 239 1598 388 1652; x_wconf 91' lang='lat' dir='ltr'>apostolicus,</span> <span class='ocrx_word' id='word_1_178' title='bbox 403 1598 450 1640; x_wconf 91' lang='lat' dir='ltr'>imo</span> <span class='ocrx_word' id='word_1_179' title='bbox 464 1599 493 1640; x_wconf 90' lang='lat' dir='ltr'>ab</span> <span class='ocrx_word' id='word_1_180' title='bbox 507 1610 569 1640; x_wconf 89' lang='lat' dir='ltr'>anno</span> <span class='ocrx_word' id='word_1_181' title='bbox 583 1598 638 1640; x_wconf 83' lang='lat'>1365</span> <span class='ocrx_word' id='word_1_182' title='bbox 653 1597 755 1640; x_wconf 87' lang='lat' dir='ltr'>vicarius</span> <span class='ocrx_word' id='word_1_183' title='bbox 769 1596 857 1639; x_wconf 87' lang='lat' dir='ltr'>ordinis</span> <span class='ocrx_word' id='word_1_184' title='bbox 872 1609 913 1650; x_wconf 87' lang='lat' dir='ltr'>per</span> <span class='ocrx_word' id='word_1_185' title='bbox 927 1598 1001 1639; x_wconf 89' lang='lat' dir='ltr'>Urba-</span> 
     </span>
     <span class='ocr_line' id='line_1_22' title="bbox 98 1670 1001 1726; baseline 0 -13"><span class='ocrx_word' id='word_1_186' title='bbox 98 1685 154 1713; x_wconf 89' lang='lat' dir='ltr'>num</span> <span class='ocrx_word' id='word_1_187' title='bbox 167 1673 189 1714; x_wconf 87' lang='lat' dir='ltr'>V</span> <span class='ocrx_word' id='word_1_188' title='bbox 201 1672 326 1714; x_wconf 89' lang='lat' dir='ltr'>institutus</span> <span class='ocrx_word' id='word_1_189' title='bbox 340 1674 398 1726; x_wconf 85' lang='lat' dir='ltr'>erat,</span> <span class='ocrx_word' id='word_1_190' title='bbox 413 1673 442 1714; x_wconf 90' lang='lat' dir='ltr'>ab</span> <span class='ocrx_word' id='word_1_191' title='bbox 456 1672 525 1714; x_wconf 90' lang='lat' dir='ltr'>initio</span> <span class='ocrx_word' id='word_1_192' title='bbox 539 1672 577 1714; x_wconf 90' lang='lat' dir='ltr'>sui</span> <span class='ocrx_word' id='word_1_193' title='bbox 590 1671 711 1724; x_wconf 88' lang='lat' dir='ltr'>regiminis</span> <span class='ocrx_word' id='word_1_194' title='bbox 723 1672 778 1726; x_wconf 77' lang='grc'><strong>1361</strong></span> <span class='ocrx_word' id='word_1_195' title='bbox 792 1672 873 1714; x_wconf 88' lang='lat' dir='ltr'>contra</span> <span class='ocrx_word' id='word_1_196' title='bbox 887 1670 1001 1724; x_wconf 87' lang='lat' dir='ltr'>exceptio-</span> 
     </span>
     <span class='ocr_line' id='line_1_23' title="bbox 98 1745 1000 1799; baseline 0.001 -14"><span class='ocrx_word' id='word_1_197' title='bbox 98 1758 138 1788; x_wconf 80' lang='lat' dir='ltr'>nes</span> <span class='ocrx_word' id='word_1_198' title='bbox 159 1757 312 1799; x_wconf 84' lang='lat' dir='ltr'>quascumque</span> <span class='ocrx_word' id='word_1_199' title='bbox 332 1746 416 1788; x_wconf 92' lang='lat' dir='ltr'>bellum</span> <span class='ocrx_word' id='word_1_200' title='bbox 436 1745 550 1787; x_wconf 73' lang='lat' dir='ltr'>indixit21.</span> <span class='ocrx_word' id='word_1_201' title='bbox 572 1747 684 1787; x_wconf 88' lang='lat' dir='ltr'>Attamen</span> <span class='ocrx_word' id='word_1_202' title='bbox 704 1745 818 1787; x_wconf 83' lang='lat' dir='ltr'>iratribus</span> <span class='ocrx_word' id='word_1_203' title='bbox 838 1748 862 1786; x_wconf 93' lang='lat' dir='ltr'>et</span> <span class='ocrx_word' id='word_1_204' title='bbox 882 1745 1000 1787; x_wconf 90' lang='lat' dir='ltr'>sororibus</span> 
     </span>
     <span class='ocr_line' id='line_1_24' title="bbox 98 1818 1000 1872; baseline -0.002 -11"><span class='ocrx_word' id='word_1_205' title='bbox 98 1820 143 1861; x_wconf 87' lang='lat' dir='ltr'>sibi</span> <span class='ocrx_word' id='word_1_206' title='bbox 160 1820 269 1861; x_wconf 83' lang='lat' dir='ltr'>subiectis</span> <span class='ocrx_word' id='word_1_207' title='bbox 286 1819 375 1872; x_wconf 82' lang='lat' dir='ltr'>gratias</span> <span class='ocrx_word' id='word_1_208' title='bbox 391 1821 514 1861; x_wconf 86' lang='lat' dir='ltr'>concedere</span> <span class='ocrx_word' id='word_1_209' title='bbox 531 1821 629 1872; x_wconf 89' lang='lat' dir='ltr'>paratus</span> <span class='ocrx_word' id='word_1_210' title='bbox 646 1821 705 1871; x_wconf 87' lang='lat' dir='ltr'>erat,</span> <span class='ocrx_word' id='word_1_211' title='bbox 724 1831 775 1860; x_wconf 89' lang='lat' dir='ltr'>cum</span> <span class='ocrx_word' id='word_1_212' title='bbox 793 1818 895 1871; x_wconf 86' lang='lat' dir='ltr'>legitime</span> <span class='ocrx_word' id='word_1_213' title='bbox 912 1818 1000 1861; x_wconf 89' lang='lat' dir='ltr'>dehac</span> 
     </span>
     <span class='ocr_line' id='line_1_25' title="bbox 97 1892 999 1950; baseline -0.002 -16"><span class='ocrx_word' id='word_1_214' title='bbox 97 1893 235 1935; x_wconf 89' lang='lat' dir='ltr'>necessitate</span> <span class='ocrx_word' id='word_1_215' title='bbox 249 1893 270 1935; x_wconf 95' lang='lat' dir='ltr'>ei</span> <span class='ocrx_word' id='word_1_216' title='bbox 283 1893 443 1935; x_wconf 78' lang='lat' dir='ltr'>constiterit22.</span> <span class='ocrx_word' id='word_1_217' title='bbox 459 1893 547 1950; x_wconf 70' lang='lat' dir='ltr'>Contra</span> <span class='ocrx_word' id='word_1_218' title='bbox 562 1892 634 1934; x_wconf 87' lang='lat' dir='ltr'>vitam</span> <span class='ocrx_word' id='word_1_219' title='bbox 649 1892 765 1944; x_wconf 82' lang='lat' dir='ltr'>privatam</span> <span class='ocrx_word' id='word_1_220' title='bbox 780 1893 921 1934; x_wconf 89' lang='lat' dir='ltr'>commodam</span> <span class='ocrx_word' id='word_1_221' title='bbox 936 1892 999 1933; x_wconf 90' lang='lat' dir='ltr'>simi-</span> 
     </span>
     <span class='ocr_line' id='line_1_26' title="bbox 97 1965 996 2009; baseline -0.001 -2"><span class='ocrx_word' id='word_1_222' title='bbox 97 1967 152 2009; x_wconf 88' lang='lat' dir='ltr'>liter</span> <span class='ocrx_word' id='word_1_223' title='bbox 164 1967 263 2009; x_wconf 75' lang='lat' dir='ltr'>luctavit</span> <span class='ocrx_word' id='word_1_224' title='bbox 276 1965 336 2009; x_wconf 83' lang='lat' dir='ltr'>sicut</span> <span class='ocrx_word' id='word_1_225' title='bbox 349 1969 430 2008; x_wconf 88' lang='lat' dir='ltr'>contra</span> <span class='ocrx_word' id='word_1_226' title='bbox 443 1978 562 2008; x_wconf 83' lang='lat' dir='ltr'>recursum</span> <span class='ocrx_word' id='word_1_227' title='bbox 575 1965 705 2008; x_wconf 88' lang='lat' dir='ltr'>indebitum</span> <span class='ocrx_word' id='word_1_228' title='bbox 717 1967 747 2007; x_wconf 89' lang='lat' dir='ltr'>ad</span> <span class='ocrx_word' id='word_1_229' title='bbox 760 1965 848 2007; x_wconf 87' lang='lat' dir='ltr'>curiam</span> <span class='ocrx_word' id='word_1_230' title='bbox 861 1968 996 2007; x_wconf 84' lang='lat' dir='ltr'>Romanam.</span> 
     </span>
     <span class='ocr_line' id='line_1_27' title="bbox 96 2038 998 2101; baseline 0 -21"><span class='ocrx_word' id='word_1_231' title='bbox 96 2040 286 2101; x_wconf 70' lang='lat' dir='ltr'>inobendientias</span> <span class='ocrx_word' id='word_1_232' title='bbox 302 2040 327 2081; x_wconf 91' lang='lat' dir='ltr'>in</span> <span class='ocrx_word' id='word_1_233' title='bbox 342 2040 472 2089; x_wconf 82' lang='lat' dir='ltr'>Provincia,</span> <span class='ocrx_word' id='word_1_234' title='bbox 490 2039 611 2092; x_wconf 61' lang='lat' dir='ltr'>Aragonia,</span> <span class='ocrx_word' id='word_1_235' title='bbox 624 2042 648 2081; x_wconf 90' lang='grc'>01</span> <span class='ocrx_word' id='word_1_236' title='bbox 663 2039 749 2092; x_wconf 83' lang='lat' dir='ltr'>Anglia</span> <span class='ocrx_word' id='word_1_237' title='bbox 765 2038 902 2091; x_wconf 81' lang='lat' dir='ltr'>repressit²³.</span> <span class='ocrx_word' id='word_1_238' title='bbox 921 2040 998 2080; x_wconf 82' lang='lat' dir='ltr'>Incre-</span> 
     </span>
     <span class='ocr_line' id='line_1_28' title="bbox 49 2100 997 2166; baseline 0.002 -14"><span class='ocrx_word' id='word_1_239' title='bbox 49 2148 51 2152; x_wconf 80' lang='grc'><strong>,</strong></span> <span class='ocrx_word' id='word_1_240' title='bbox 96 2115 173 2155; x_wconf 86' lang='lat' dir='ltr'>mento</span> <span class='ocrx_word' id='word_1_241' title='bbox 185 2113 280 2156; x_wconf 65' lang='lat' dir='ltr'>,ordinis</span> <span class='ocrx_word' id='word_1_242' title='bbox 298 2113 420 2166; x_wconf 88' lang='lat' dir='ltr'>providens</span> <span class='ocrx_word' id='word_1_243' title='bbox 439 2100 581 2155; x_wconf 88' lang='lat' dir='ltr'>auctoritate</span> <span class='ocrx_word' id='word_1_244' title='bbox 600 2125 643 2155; x_wconf 89' lang='lat' dir='ltr'>sua</span> <span class='ocrx_word' id='word_1_245' title='bbox 661 2112 752 2156; x_wconf 91' lang='lat' dir='ltr'>oblatos</span> <span class='ocrx_word' id='word_1_246' title='bbox 770 2113 857 2154; x_wconf 89' lang='lat' dir='ltr'>assumi</span> <span class='ocrx_word' id='word_1_247' title='bbox 876 2124 942 2165; x_wconf 85' lang='lat' dir='ltr'>posse</span> <span class='ocrx_word' id='word_1_248' title='bbox 961 2113 997 2154; x_wconf 90' lang='lat' dir='ltr'>de-</span> 
     </span>
     <span class='ocr_line' id='line_1_29' title="bbox 96 2183 997 2242; baseline 0.003 -17"><span class='ocrx_word' id='word_1_249' title='bbox 96 2185 176 2232; x_wconf 74' lang='lat' dir='ltr'>crevit.</span> <span class='ocrx_word' id='word_1_250' title='bbox 194 2187 233 2239; x_wconf 86' lang='lat' dir='ltr'>qui</span> <span class='ocrx_word' id='word_1_251' title='bbox 249 2187 393 2239; x_wconf 90' lang='lat' dir='ltr'>septennium</span> <span class='ocrx_word' id='word_1_252' title='bbox 409 2187 549 2228; x_wconf 75' lang='lat' dir='ltr'>excedunt²⁴.</span> <span class='ocrx_word' id='word_1_253' title='bbox 568 2187 616 2229; x_wconf 84' lang='lat' dir='ltr'>Sub</span> <span class='ocrx_word' id='word_1_254' title='bbox 632 2198 658 2228; x_wconf 93' lang='lat' dir='ltr'>eo</span> <span class='ocrx_word' id='word_1_255' title='bbox 674 2185 744 2228; x_wconf 90' lang='lat' dir='ltr'>series</span> <span class='ocrx_word' id='word_1_256' title='bbox 755 2183 916 2242; x_wconf 80' lang='lat' dir='ltr'>capitulorum</span> <span class='ocrx_word' id='word_1_257' title='bbox 932 2198 997 2239; x_wconf 87' lang='lat' dir='ltr'>gene-</span> 
     </span>
     <span class='ocr_line' id='line_1_30' title="bbox 96 2258 997 2314; baseline 0.003 -17"><span class='ocrx_word' id='word_1_258' title='bbox 96 2258 181 2299; x_wconf 90' lang='lat' dir='ltr'>ralium</span> <span class='ocrx_word' id='word_1_259' title='bbox 196 2259 221 2300; x_wconf 94' lang='lat' dir='ltr'>in</span> <span class='ocrx_word' id='word_1_260' title='bbox 237 2260 366 2302; x_wconf 89' lang='lat' dir='ltr'>biennalem</span> <span class='ocrx_word' id='word_1_261' title='bbox 381 2273 427 2302; x_wconf 94' lang='lat' dir='ltr'>non</span> <span class='ocrx_word' id='word_1_262' title='bbox 443 2262 529 2314; x_wconf 88' lang='lat' dir='ltr'>absque</span> <span class='ocrx_word' id='word_1_263' title='bbox 545 2259 690 2313; x_wconf 84' lang='lat' dir='ltr'>oppositione</span> <span class='ocrx_word' id='word_1_264' title='bbox 706 2258 880 2301; x_wconf 84' lang='lat' dir='ltr'>adversantium</span> <span class='ocrx_word' id='word_1_265' title='bbox 895 2260 997 2300; x_wconf 81' lang='lat' dir='ltr'>fratrum</span> 
     </span>
     <span class='ocr_line' id='line_1_31' title="bbox 96 2332 997 2376; baseline 0.003 -6"><span class='ocrx_word' id='word_1_266' title='bbox 96 2333 187 2373; x_wconf 89' lang='lat' dir='ltr'>mutata</span> <span class='ocrx_word' id='word_1_267' title='bbox 199 2335 235 2374; x_wconf 90' lang='lat' dir='ltr'>est</span> <span class='ocrx_word' id='word_1_268' title='bbox 246 2334 281 2376; x_wconf 87' lang='lat' dir='ltr'>ita</span> <span class='ocrx_word' id='word_1_269' title='bbox 294 2338 321 2376; x_wconf 91' lang='lat' dir='ltr'>ut</span> <span class='ocrx_word' id='word_1_270' title='bbox 333 2334 415 2376; x_wconf 78' lang='lat' dir='ltr'>exinde</span> <span class='ocrx_word' id='word_1_271' title='bbox 427 2346 488 2376; x_wconf 90' lang='lat' dir='ltr'>anno</span> <span class='ocrx_word' id='word_1_272' title='bbox 500 2334 555 2375; x_wconf 79' lang='grc'><strong>1311)</strong></span> <span class='ocrx_word' id='word_1_273' title='bbox 569 2332 701 2375; x_wconf 90' lang='lat' dir='ltr'>huiusmodi</span> <span class='ocrx_word' id='word_1_274' title='bbox 714 2343 833 2375; x_wconf 88' lang='lat' dir='ltr'>consessus</span> <span class='ocrx_word' id='word_1_275' title='bbox 846 2333 945 2374; x_wconf 90' lang='lat' dir='ltr'>alternis</span> <span class='ocrx_word' id='word_1_276' title='bbox 957 2345 997 2374; x_wconf 89' lang='lat' dir='ltr'>an-</span> 
     </span>
     <span class='ocr_line' id='line_1_32' title="bbox 95 2403 997 2460; baseline 0.002 -16"><span class='ocrx_word' id='word_1_277' title='bbox 95 2404 132 2445; x_wconf 88' lang='lat' dir='ltr'>nis</span> <span class='ocrx_word' id='word_1_278' title='bbox 147 2403 335 2460; x_wconf 89' lang='lat' dir='ltr'>instituerentur,</span> <span class='ocrx_word' id='word_1_279' title='bbox 352 2407 463 2460; x_wconf 79' lang='lat' dir='ltr'>Gregorio</span> <span class='ocrx_word' id='word_1_280' title='bbox 479 2408 510 2460; x_wconf 83' lang='lat' dir='ltr'>XI</span> <span class='ocrx_word' id='word_1_281' title='bbox 526 2407 643 2449; x_wconf 81' lang='grc'><strong>10111313</strong></span> <span class='ocrx_word' id='word_1_282' title='bbox 659 2406 801 2459; x_wconf 81' lang='lat' dir='ltr'>probante²⁵.</span> <span class='ocrx_word' id='word_1_283' title='bbox 819 2407 855 2448; x_wconf 80' lang='lat' dir='ltr'>Ex</span> <span class='ocrx_word' id='word_1_284' title='bbox 871 2405 913 2447; x_wconf 88' lang='lat' dir='ltr'>hac</span> <span class='ocrx_word' id='word_1_285' title='bbox 929 2406 997 2457; x_wconf 85' lang='lat' dir='ltr'>praxi</span> 
     </span>
     <span class='ocr_line' id='line_1_33' title="bbox 94 2478 1005 2532; baseline 0.001 -14"><span class='ocrx_word' id='word_1_286' title='bbox 94 2479 201 2518; x_wconf 86' lang='lat' dir='ltr'>coetuum</span> <span class='ocrx_word' id='word_1_287' title='bbox 213 2479 355 2529; x_wconf 85' lang='lat' dir='ltr'>generalium</span> <span class='ocrx_word' id='word_1_288' title='bbox 367 2480 509 2522; x_wconf 88' lang='lat' dir='ltr'>biennalium</span> <span class='ocrx_word' id='word_1_289' title='bbox 523 2480 653 2522; x_wconf 87' lang='lat' dir='ltr'>auctoritas</span> <span class='ocrx_word' id='word_1_290' title='bbox 666 2482 689 2522; x_wconf 91' lang='lat' dir='ltr'>et</span> <span class='ocrx_word' id='word_1_291' title='bbox 702 2478 876 2521; x_wconf 87' lang='lat' dir='ltr'>administratio</span> <span class='ocrx_word' id='word_1_292' title='bbox 889 2478 1005 2532; x_wconf 84' lang='lat' dir='ltr'>magistri</span> 
     </span>
     <span class='ocr_line' id='line_1_34' title="bbox 94 2549 996 2606; baseline 0.003 -15"><span class='ocrx_word' id='word_1_293' title='bbox 94 2549 209 2602; x_wconf 80' lang='lat' dir='ltr'>generalis</span> <span class='ocrx_word' id='word_1_294' title='bbox 219 2551 293 2593; x_wconf 87' lang='lat' dir='ltr'>maius</span> <span class='ocrx_word' id='word_1_295' title='bbox 305 2557 445 2595; x_wconf 88' lang='lat' dir='ltr'>momentum</span> <span class='ocrx_word' id='word_1_296' title='bbox 456 2553 560 2595; x_wconf 88' lang='lat' dir='ltr'>nancisei</span> <span class='ocrx_word' id='word_1_297' title='bbox 572 2554 657 2606; x_wconf 83' lang='lat' dir='ltr'>potuit.</span> <span class='ocrx_word' id='word_1_298' title='bbox 672 2554 719 2595; x_wconf 85' lang='lat' dir='ltr'>Sub</span> <span class='ocrx_word' id='word_1_299' title='bbox 731 2552 843 2606; x_wconf 86' lang='lat' dir='ltr'>magistro</span> <span class='ocrx_word' id='word_1_300' title='bbox 855 2553 908 2594; x_wconf 82' lang='lat' dir='ltr'>Elia</span> <span class='ocrx_word' id='word_1_301' title='bbox 920 2553 996 2605; x_wconf 74' lang='lat' dir='ltr'>prima</span> 
     </span>
     <span class='ocr_line' id='line_1_35' title="bbox 94 2624 995 2680; baseline 0 -15"><span class='ocrx_word' id='word_1_302' title='bbox 94 2624 147 2665; x_wconf 87' lang='lat' dir='ltr'>vice·</span> <span class='ocrx_word' id='word_1_303' title='bbox 156 2624 273 2675; x_wconf 87' lang='lat' dir='ltr'>protector</span> <span class='ocrx_word' id='word_1_304' title='bbox 287 2625 376 2667; x_wconf 83' lang='lat' dir='ltr'>ordinis</span> <span class='ocrx_word' id='word_1_305' title='bbox 390 2628 415 2668; x_wconf 92' lang='lat' dir='ltr'>in</span> <span class='ocrx_word' id='word_1_306' title='bbox 429 2627 490 2669; x_wconf 88' lang='lat' dir='ltr'>actis</span> <span class='ocrx_word' id='word_1_307' title='bbox 504 2627 661 2680; x_wconf 88' lang='lat' dir='ltr'>capitulorum</span> <span class='ocrx_word' id='word_1_308' title='bbox 676 2626 817 2679; x_wconf 85' lang='lat' dir='ltr'>generalium</span> <span class='ocrx_word' id='word_1_309' title='bbox 832 2626 995 2677; x_wconf 76' lang='lat' dir='ltr'>nominatur²⁶,</span> 
     </span>
     <span class='ocr_line' id='line_1_36' title="bbox 93 2696 997 2754; baseline 0.002 -17"><span class='ocrx_word' id='word_1_310' title='bbox 93 2708 178 2749; x_wconf 80' lang='lat' dir='ltr'>corpus</span> <span class='ocrx_word' id='word_1_311' title='bbox 192 2697 214 2738; x_wconf 88' lang='lat' dir='ltr'>S.</span> <span class='ocrx_word' id='word_1_312' title='bbox 230 2696 329 2738; x_wconf 77' lang='lat' dir='ltr'>rhomae</span> <span class='ocrx_word' id='word_1_313' title='bbox 344 2700 371 2739; x_wconf 90' lang='lat' dir='ltr'>de</span> <span class='ocrx_word' id='word_1_314' title='bbox 385 2700 478 2753; x_wconf 81' lang='lat' dir='ltr'>Aquino</span> <span class='ocrx_word' id='word_1_315' title='bbox 491 2701 547 2742; x_wconf 87' lang='lat'>1368</span> <span class='ocrx_word' id='word_1_316' title='bbox 561 2701 668 2754; x_wconf 75' lang='lat' dir='ltr'>Tolosam</span> <span class='ocrx_word' id='word_1_317' title='bbox 683 2700 854 2752; x_wconf 76' lang='lat' dir='ltr'>transfertur²⁷,</span> <span class='ocrx_word' id='word_1_318' title='bbox 871 2701 894 2742; x_wconf 85' lang='lat' dir='ltr'>S.</span> <span class='ocrx_word' id='word_1_319' title='bbox 911 2700 997 2741; x_wconf 71' lang='lat' dir='ltr'>Cat-lia-</span> 
     </span>
     <span class='ocr_line' id='line_1_37' title="bbox 45 2769 882 2825; baseline 0.006 -16"><span class='ocrx_word' id='word_1_320' title='bbox 45 2822 47 2825; x_wconf 83' lang='lat'><em>.</em></span> <span class='ocrx_word' id='word_1_321' title='bbox 93 2770 146 2812; x_wconf 89' lang='lat' dir='ltr'>rina</span> <span class='ocrx_word' id='word_1_322' title='bbox 162 2769 267 2812; x_wconf 77' lang='lat' dir='ltr'>Senensis</span> <span class='ocrx_word' id='word_1_323' title='bbox 282 2770 418 2822; x_wconf 77' lang='lat' dir='ltr'>Gregorium</span> <span class='ocrx_word' id='word_1_324' title='bbox 433 2774 464 2814; x_wconf 84' lang='lat' dir='ltr'>XI</span> <span class='ocrx_word' id='word_1_325' title='bbox 479 2775 509 2815; x_wconf 90' lang='lat' dir='ltr'>ad</span> <span class='ocrx_word' id='word_1_326' title='bbox 525 2775 607 2816; x_wconf 88' lang='lat' dir='ltr'>Sedem</span> <span class='ocrx_word' id='word_1_327' title='bbox 621 2775 749 2815; x_wconf 88' lang='lat' dir='ltr'>Romanam</span> <span class='ocrx_word' id='word_1_328' title='bbox 764 2773 882 2815; x_wconf 79' lang='lat' dir='ltr'>reducit²⁸.</span> 
     </span>
    </p>
   </div>
   <div class='ocr_carea' id='block_1_3' title="bbox 0 0 1056 3187">
    <p class='ocr_par' dir='ltr' id='par_1_6' title="bbox 0 0 1056 3187">
     <span class='ocr_line' id='line_1_38' title="bbox 0 0 1056 3187; baseline 0 4"><span class='ocrx_word' id='word_1_329' title='bbox 0 0 1056 3187; x_wconf 95' lang='lat' dir='ltr'> </span> 
     </span>
    </p>
   </div>
  </div>
 </body>
</html>
