2101 3187
327 27 329 31 ’
352 40 456 74 missiones
477 38 558 73 Africae
579 41 599 74 ct
620 40 688 73 nume
934 42 973 81 111

67 167 150 220 lingna
164 166 253 208 scilicet
266 167 361 208 arabica
373 168 421 207 iere
435 178 512 208 omues
526 179 566 218 161·
579 167 682 218 ipsorum
696 168 836 208 imlnstrium
852 171 906 208 sinit
920 181 970 209 con-

68 240 129 283 versi
140 255 159 282 b.
173 241 281 282 Instante
293 226 380 282 Ioanne
393 239 518 282 Teutonico
530 241 641 293 magistro
654 241 744 282 ordinis
756 243 842 283 iratres
855 242 867 283 8
880 242 910 282 ad
923 245 971 282 stu-

69 315 132 355 dium
151 314 257 356 arabicae
275 315 369 367 linguae
387 314 468 355 delecti
489 318 550 355 snut.
572 316 637 356 Inter
655 326 693 355 eos
711 316 862 366 liaynumdns
882 316 969 356 llartiu

62 391 174 440 apparet,
192 389 230 440 qui
247 388 359 429 sermonis
374 387 462 429 arabici
478 387 584 440 deinceps
601 387 687 440 peritia
702 388 812 430 innotuit.
832 389 880 430 Alii
897 389 970 430 eidem

68 462 162 514 linguae
177 462 330 503 addiscendae
346 473 428 514 parare
445 474 468 503 se
485 463 604 513 debebant,
622 462 707 503 sobolis
723 462 822 504 arabicis
840 462 929 504 'lunisii
947 471 970 503 oi

61 536 171 577 Murciae
186 537 275 577 erectis.
293 537 326 576 Dc
342 535 377 576 liis
393 535 477 577 studiis
492 537 636 578 Humbertus
650 536 674 576 in
690 536 812 587 encyclicis
829 537 917 579 litteris
931 549 971 578 no-

67 612 117 650 tat:
133 624 144 649 a
154 610 179 650 iu
191 609 314 661 Hispaniis
326 609 433 661 partibus
445 611 531 651 iratres
543 610 582 662 qui
594 609 640 650 iam
652 610 733 651 multis
746 610 813 651 amris
826 610 889 651 inter
901 612 969 653 Sara-

67 695 136 725 cenos
149 685 174 724 in
188 683 281 724 arabico
296 684 437 724 simlnerunt
451 695 497 725 uon
512 685 585 725 solnm
601 683 751 732 laudabiliter
766 684 790 724 in
806 684 891 736 lingna¹
901 686 969 735 proii-

67 758 140 810 61111,
152 758 191 798 sed
201 758 261 809 qnod
272 757 414 798 laudabilius
424 759 467 809 est,
479 757 535 808 ipsis
548 757 671 799 Saracenis
680 759 710 798 ad
721 758 820 798 salntem
830 758 892 799 cedit
903 758 969 800 coha-

68 831 152 872 bitatio
164 832 295 872 eorumdem
308 833 335 871 ut
347 833 412 882 patet
425 831 450 870 in
463 830 568 882 pluribus
583 831 621 883 qui
634 831 680 872 iam
695 832 804 883 baptismi
818 832 918 884 gratiam
932 844 969 872 sn-

67 907 189 956 sceperunt
200 906 240 945 »³l.
260 906 356 946 Statnta
372 905 512 956 capitularia
528 892 593 946 laria
609 905 668 946 hanc
685 904 787 957 linguam
804 906 968 947 addiscendam

66 978 273 1029 praescripscrunt.

121 1040 246 1104 Postquam
256 1052 385 1103 cripitulum
395 1052 564 1104 generale'anni
574 1054 628 1093 12511
639 1053 742 1094 studium
752 1053 871 1094 arabicum
882 1053 968 1105 erigen-

65 1128 119 1167 dmu
133 1126 158 1166 in
172 1126 301 1178 Hispaniae
315 1126 443 1167 christiana
457 1131 524 1177 parte
540 1127 686 1179 desideravit,
703 1127 822 1178 provincia
837 1127 966 1178 Hispaniae

64 1201 168 1241 studium
178 1200 310 1241 huiusmodi
320 1213 346 1242 cc
357 1201 458 1242 scholam
469 1213 511 1253 pro
521 1200 674 1242 missionariis
685 1201 747 1242 inter
757 1203 847 1242 Arabes
856 1201 967 1242 Barcino-

64 1286 91 1314 ne
105 1275 234 1326 proposuit,
250 1276 304 1316 1281
318 1275 383 1316 aliud
397 1275 500 1316 studium
514 1276 637 1321 arabicum
646 1275 775 1323 Valentino,
792 1276 846 1316 1291
862 1275 965 1315 sindiiun

63 1348 182 1390 arabicum
193 1350 216 1389 et
227 1337 359 1389 hebraicum
370 1349 471 1389 Xativae.

119 1423 145 1464 si
155 1423 306 1473 Raymundus
317 1424 344 1464 de
354 1423 483 1463 Pennaiort
494 1423 601 1463 Thomam
614 1424 641 1463 de
652 1423 743 1473 Aquino
754 1425 871 1464 doctorem
882 1408 950 1463 contr
958 1436 965 1463 1,

62 1509 152 1538 errores
171 1497 293 1549 gentilium
312 1497 426 1538 advocans
446 1496 514 1538 huius
535 1509 645 1537 srumuam
666 1497 833 1549 apologeticam
853 1497 964 1539 excitavit

33 1614 35 1618 f
62 1572 213 1622 Raymundus
225 1564 313 1611 Martiu
329 1573 355 1629 (†
368 1570 430 1611 eirca
441 1582 527 1611 annum
540 1572 601 1616 1284]
616 1571 677 1611 alter
690 1570 861 1612 zelantissimus
874 1578 908 1611 <ir
922 1583 963 1622 111

62 1657 86 1685 rc
100 1630 267 1686 Saracenorum
280 1647 302 1685 et
315 1645 454 1685 ludaeorum
466 1656 549 1695 magna
561 1656 588 1684 ex
600 1647 667 1698 parte
680 1644 704 1684 in
717 1644 812 1695 scriptis
825 1644 964 1695 1111111616-

62 1718 143 1771 geticis
156 1730 182 1760 61
196 1718 313 1770 Aquinate
326 1717 455 1759 doctrinam
469 1718 555 1759 claram
569 1717 675 1758 hausida

116 1793 144 1833 ln
155 1792 257 1833 fauorem
268 1792 407 1833 Indaeorum
417 1791 589 1833 christianismo
600 1792 786 1832 adducendorum
798 1792 886 1833 Paulus
897 1792 963 1833 Clui-

61 1866 140 1915 stiam,
157 1878 168 1907 6
184 1865 302 1918 Iudaismo
317 1876 447 1917 conversus,
464 1864 566 1917 scripsit,
582 1864 733 1917 praedicavit,
750 1864 888 1917 disputavit.
906 1866 962 1906 Post

59 1939 242 1991 disputationem
258 1938 384 1980 11111263
400 1950 477 1979 coram
493 1950 545 1991 rege
561 1938 691 1979 Barcinone
707 1938 844 1979 habitares
860 1938 962 1990 compul-

60 2014 91 2055 sis
106 2013 195 2054 Mauris
209 2016 232 2054 et
248 2012 340 2054 Iudaeis
355 2025 395 2064 per
410 2011 573 2053 Dominicanos
588 2023 703 2053 sermones
719 2013 768 2052 fieri
784 2012 891 2053 decrevit.
908 2012 961 2053 Non

59 2088 144 2138 absque
155 2086 337 2128 discussionibus
348 2089 371 2128 et
382 2085 598 2128 denuntiationibus
608 2089 631 2127 et
642 2085 742 2137 negotiis
751 2085 912 2137 inquisitionis
924 2097 961 2126 res
1022 2127 1024 2131 ,

60 2162 199 2202 Iudaeorum
214 2160 320 2212 deinceps
336 2159 473 2201 continuata
488 2160 551 2200 est‘ss.
568 2161 652 2200 Postea
668 2158 805 2200 Vincentius
821 2159 905 2201 Ferrer
921 2171 961 2200 an-

58 2234 207 2276 insiluerit
226 2237 248 2275 61
268 2234 292 2274 in
311 2236 376 2275 coetu
397 2233 550 2275 Derthusensi
569 2234 622 2273 1411
642 2232 799 2284 quaestionem
820 2233 958 2274 Iudaeorum

58 2311 153 2359 tangere
167 2309 190 2347 61
203 2319 336 2358 promovere
348 2307 436 2348 sincere
450 2291 473 2347 61
487 2318 537 2347 cnm
551 2308 637 2346 effectu
651 2306 737 2357 potuit,
753 2306 815 2348 sicut
829 2309 852 2348 et
866 2307 960 2349 circiter

58 2384 112 2424 7000
124 2381 297 2422 Mahomet'anos
309 2382 339 2422 ad
352 2381 418 2422 fidem
430 2380 564 2433 perduxisse
576 2379 689 2420 dicitnr‘ss.
704 2381 780 2422 Multa
793 2384 870 2422 autem
884 2382 911 2422 de
924 2382 961 2422 his

38 2477 39 2481 =
58 2456 165 2509 gentibus
175 2454 250 2494 adhuc
260 2456 374 2506 agendum
385 2456 496 2505 restabat,
508 2453 600 2494 actione
609 2454 634 2493 in
646 2454 737 2495 saeculo
748 2455 787 2495 XV
799 2457 896 2496 exeunte
907 2456 960 2496 cba-

57 2532 169 2570 racterem
181 2527 340 2569 violentiorem
352 2529 489 2569 assumente.

112 2605 173 2644 Dum
183 2601 334 2642 Franciscani
344 2601 436 2653 saepius
447 2601 595 2653 navigatores
605 2602 722 2653 Hispanos
734 2602 764 2643 ad
775 2602 864 2644 insulas
876 2604 949 2644 Atlan

53 2679 112 2719 ticos
122 2676 300 2725 comitabantur,
311 2677 397 2715 iratres
406 2674 581 2716 Praedicatores
590 2675 718 2727 principem
727 2674 887 2728 Portugalliae
896 2677 958 2718 Hen-

56 2753 129 2793 nicum
142 2750 239 2810 (i1463i
249 2752 370 2800 sequentes
380 2750 459 2791 domos
468 2749 493 2789 in
503 2749 595 2801 regione
604 2744 712 2801 deprensi
724 2750 815 2801 (deuia)
826 2752 849 2790 et
859 2751 884 2790 in
894 2751 956 2791 insu-

55 2826 86 2867 lis
96 2823 270 2865 bladerensilurs
279 2823 417 2864 fundarunt.
430 2825 467 2865 Ad
478 2836 549 2876 regua
560 2825 587 2865 de
598 2824 673 2865 Benin
684 2826 707 2864 et
719 2825 796 2876 Congo
808 2825 957 2875 penetrantes

54 2898 163 2939 Lusitani
173 2909 213 2950 per
224 2908 276 2940 suos
287 2895 446 2938 missionarios
457 2898 486 2938 ab
497 2898 623 2959 abroditi}
634 2897 749 2949 baptizari
760 2897 839 2950 nigros
850 2898 956 2938 fecerun„
