2101 3187
274 60 437 93 Pracdecessorcs
450 60 525 94 ordinis
538 60 701 94 Praedicatorum
804 90 805 94 ,
920 62 947 101 19
960 72 962 82 ν

40 196 120 237 perum
138 184 304 225 catholicorum
323 195 383 224 anno
401 183 456 224 1208
474 183 627 225 confirmavit.
647 183 816 236 Hi2Pauperes
834 187 945 230 catholici

38 259 130 303 clericis
142 261 289 311 constabant,
303 259 342 300 sed
354 258 439 300 amicos
452 258 523 301 laicos
536 259 661 313 habebant
674 259 758 312 quibus
770 260 944 303 institutionem

39 334 171 388 religiosam
187 319 376 376 et‘directionem
391 333 561 386 impendebant.
580 334 717 388 Atdu'plici
733 347 848 377 excausa
864 340 955 377 eorum

39 410 96 452 ordo
112 406 194 450 ruinae
210 408 299 450 obviam
315 408 365 450 ivit.
383 408 460 451 Primo
477 409 537 450 enim
554 408 712 451 moderatione
729 409 830 462 sapienti
846 413 870 452 et
886 410 956 452 forti
1000 414 1001 418 ’

39 487 173 526 caruerunt.
190 482 279 524 Deinde
293 482 325 536 id,
343 483 402 535 quod
417 483 483 525 valde
498 482 653 525 necessarium
669 486 727 537 erat,
745 483 840 526 summis
856 483 944 526 hierar-

39 559 91 601 chis
107 559 226 609 acceptum
244 557 338 598 reddere
355 568 401 598 non
419 559 542 599 tentarunt
559 557 594 599 vel
612 556 753 609 nescierunt,
772 569 854 610 nempe
872 558 954 600 reior-¹

40 631 165 674 mationem
184 643 253 672 curae
271 630 401 672 animarum
420 622 461 683 per
479 632 566 672 clerum
586 632 699 673 zelantem
719 634 742 672 et
762 632 892 684 evangelice
911 632 954 674 vi-·

40 708 137 748 ventem.
155 707 228 747 Immo
243 704 359 758 oppositio
374 704 532 758 episcoporum
548 706 716 747 adversushos
732 707 849 757 Pauperes
866 706 944 757 catho-
962 760 964 763 ι

41 782 97 822 lices
110 791 188 821 eorum
201 778 323 821 interitum
336 778 480 820 acceleravit.
496 780 564 820 Anno
577 779 631 821 1209
644 779 670 820 in
684 778 757 820 Italia
770 779 839 821 laicis
851 778 944 832 quibus-

39 855 91 896 dam
110 852 222 905 piissimis
240 852 364 894 Erancisco
382 852 475 905 eiusque
493 852 562 894 sociis
580 852 642 895 ratio
660 852 722 894 ritae
741 853 873 905 evangelica
891 865 942 894 cum

41 927 212 980 praedicatione
225 925 382 979 paenitentiae
395 927 423 967 ab
438 926 574 973 Innocentio
589 927 629 968 III
642 927 742 979 probata
755 926 830 967 iuit10.
888 966 889 969 ,

94 1002 131 1042 Ad
146 1001 238 1042 modum
253 1002 384 1052 Pauperum
398 999 565 1042 catholicorum
580 1000 705 1042 hembardi
720 1000 866 1042 reconciliati
881 1012 943 1043 anno

38 1077 93 1117 1210
110 1087 151 1127 per
168 1075 313 1116 Bernardum
330 1074 434 1115 Primum
451 1075 493 1116 sub
511 1073 648 1116 Innocentio
667 1075 707 1116 III
724 1074 750 1115 in
768 1074 872 1115 ordinem
890 1086 943 1116 con-

39 1148 129 1202 gregati
143 1148 225 1190 iisdem
239 1147 389 1190 incommodis
403 1160 429 1190 ac
445 1148 552 1189 Durandi
566 1147 688 1190 institutio
703 1149 850 1201 laborabant,
866 1160 881 1189 a
897 1160 942 1201 qua

39 1234 80 1274 per
94 1222 195 1264 laborem
210 1222 317 1274 opificum
331 1223 354 1263 et
368 1222 460 1263 modum
474 1220 637 1274 acquisitionis
650 1221 685 1263 rei
699 1221 843 1263 necessariae
858 1222 942 1263 discre-

38 1298 133 1348 pabant.
149 1295 273 1338 Lombardi
287 1295 431 1337 reconciliati
446 1295 506 1337 sicut
520 1297 638 1347 Pauperes
651 1294 761 1337 catholici
775 1298 799 1337 et
814 1294 941 1345 Humiliati

39 1370 186 1421 perieruntll.
203 1369 334 1411 Voluerunt
349 1371 439 1421 partem
455 1371 595 1421 restaurare,
613 1370 667 1410 dum
683 1370 760 1410 totum
776 1368 942 1411 reformatione

38 1445 126 1495 egebat.
149 1445 178 1484 In
199 1442 296 1484 concilio
317 1442 468 1484 Lateranensi
489 1443 523 1484 IV
543 1431 849 1484 necessitasconstituendi
870 1442 941 1496 magi-

14 1560 16 1564 ,
38 1527 99 1559 siros
120 1529 162 1568 pro
183 1517 243 1559 clero
264 1516 408 1558 instituendo
429 1519 498 1568 atque
519 1517 691 1568 praedicatores
712 1520 857 1567 proponendi
878 1520 942 1558 verbi

39 1591 82 1631 Dei
95 1602 138 1642 pro
152 1590 245 1643 populis
259 1590 321 1632 clare
335 1601 442 1642 expressa
457 1591 499 1642 est,
515 1590 555 1631 sed
569 1590 682 1631 adversus
695 1591 804 1631 conatum
819 1601 891 1631 novos
906 1602 942 1631 or-

38 1663 103 1707 dines
121 1664 242 1716 reiigiosus
258 1664 375 1706 formandi
393 1663 499 1706 districte
517 1665 634 1705 statutum
652 1666 700 1705 est:
723 1664 779 1705 «Ne
797 1663 871 1705 nimia
888 1664 941 1705 reli-

36 1736 130 1788 gionum
148 1738 277 1780 diversitas¹
288 1750 379 1790 gravem
395 1737 420 1777 in
437 1737 541 1779 Ecclesia
558 1737 602 1779 Dei
619 1737 778 1779 confusionem
796 1736 940 1784 introducat,

38 1809 135 1851 firmiter
151 1811 306 1863 prohibemus,
324 1823 353 1852 ne
370 1810 421 1863 quis
438 1812 464 1852 de
481 1812 556 1852 cetero
574 1823 657 1852 novam
674 1810 809 1863 religionem
827 1809 939 1862 inveniat,

37 1883 76 1924 sed
91 1883 227 1936 quicumque
241 1884 341 1926 voluerit
354 1885 384 1925 ad
399 1883 532 1937 religionem
548 1884 658 1932 converti,
675 1895 746 1925 unam
761 1884 788 1926 de
803 1884 940 1936 approbatis

36 1960 147 1998 assumat.
165 1958 279 1999 Similiter
294 1958 332 2010 qui
347 1958 446 1999 voluerit
460 1957 593 2010 religiosam
609 1958 700 1999 domum
715 1958 814 1999 fundare
830 1958 939 2010 denovo,

37 2030 140 2079 regulam
160 2035 183 2071 et
203 2030 375 2072 institutionem
395 2030 496 2084 accipiat
517 2031 544 2072 de
564 2030 715 2083 religionibus
736 2031 874 2083 approbatis
884 2032 924 2072 um.

93 2104 115 2144 S.
137 2103 272 2146 Dominicus
292 2104 448 2156 experientias
466 2104 544 2146 curiae
564 2107 682 2146 Romanae
702 2106 792 2145 attente
814 2107 849 2152 ,ut
869 2104 940 2145 conii-

36 2171 150 2227 ciendum,
171 2180 263 2220 secutus
283 2180 324 2219 est.
345 2178 416 2219 Velut
435 2177 480 2219 viri
498 2177 561 2230 pleni
580 2177 709 2230 apostolico
728 2179 776 2219 zelo
796 2179 827 2219 ad
847 2179 939 2219 modum

37 2246 112 2297 Pauli,
131 2248 233 2292 Didacus
249 2253 272 2292 et
289 2252 424 2293 Dominicus
439 2251 590 2303 apostolicam
608 2251 680 2292 vitam
697 2251 833 2292 missionum
851 2253 940 2292 extera-

37 2330 87 2358 rum
100 2320 128 2359 ab
141 2322 277 2365 Innocentio
290 2326 329 2366 HI
342 2324 513 2377 efflagitarunt.
528 2325 564 2365 Ad
577 2324 710 2366 missionem
722 2325 785 2365 inter
798 2325 939 2366 christianos

36 2390 126 2440 directi,
147 2396 246 2437 remedia
265 2409 306 2448 pro
325 2398 393 2440 malis
410 2398 522 2450 temporis
539 2399 562 2439 et
581 2397 730 2439 infidelitatis
749 2399 855 2449 paranda
873 2410 939 2439 cura-

36 2467 99 2504 runt.

92 2537 203 2579 Didacum
226 2554 339 2593 superaus
361 2545 508 2589 Dominicus
521 2547 548 2586 de
570 2547 653 2597 iorrna,
678 2547 720 2587 sub
744 2557 789 2596 qua
812 2547 938 2597 paupertas

35 2610 163 2661 apostolica
180 2614 203 2651 ct
219 2617 362 2663 praedicatio
379 2619 404 2659 in
421 2619 525 2660 Ecclesia
542 2621 701 2669 renovaretur,
720 2618 846 2671 cogitabat.
866 2618 938 2670 Magi-

34 2685 131 2725 sterium
150 2696 200 2725 cum
219 2689 348 2730 sacerdotio
367 2692 392 2732 in
412 2692 515 2733 Ecclesia
534 2692 615 2733 intime
635 2695 658 2733 et
677 2691 866 2743 inseparabiliter
886 2704 938 2732 con-

35 2769 118 2798 nexum
130 2770 178 2800 esse
190 2757 271 2809 sciens
285 2760 309 2800 in
322 2775 363 2805 suo
376 2776 444 2816 opere
457 2765 619 2807 reformatoria
633 2765 770 2807 Dominicus
782 2765 876 2807 nonnisi
889 2777 937 2807 cor-

35 2831 179 2880 porationem
195 2830 322 2873 clericalem
340 2836 424 2889 eligere
440 2839 525 2891 potuit.
545 2838 629 2891 Magno
647 2851 715 2880 sensu
733 2850 810 2880 rerum
828 2841 942 2891 aptarum.

34 2906 58 2944 ct
71 2917 159 2946 summa
172 2904 287 2956 sapientia
299 2907 427 2964 regiminis,
443 2912 526 2964 quibus
539 2912 674 2954 Dominicus
688 2912 817 2966 praecellit,
833 2912 945 2954 ordinem.

35 2977 167 3030 religiosum
187 2990 238 3019 cum
257 2978 370 3031 episcopis
391 2982 533 3027 dioecesanis
553 2986 735 3027 collaborantem
755 2985 879 3027 instituere
899 2996 938 3025 cu·
960 3002 962 3008 ,
