2188 3178
45 133 86 174 108
374 136 420 170 Vita
437 136 457 169 et
475 137 527 171 aetio
545 138 620 172 ordinis

45 262 200 304 Accesserunt
215 273 284 314 super
298 263 365 304 festa¹
374 263 399 304 in
414 264 539 316 prototypo
554 268 636 308 notata
651 266 773 319 praecipue
788 268 849 310 festa
865 271 949 322 Corpo-

46 342 79 384 ns
99 341 215 395 curtam,
236 342 430 385 sanctificationis
449 343 476 385 r..
498 344 587 388 itariae
605 346 736 400 Virginis⁸⁷‚
758 348 781 389 s.
803 337 949 390 1111111111

45 418 137 470 Aquino
148 417 242 470 eiusque
252 419 424 473 translationis,
437 413 602 463 translationis
613 424 636 465 S.
649 423 714 465 Petri
725 422 843 475 Martyris
857 424 880 465 S.
893 422 949 464 Vin-

46 492 117 533 centii
131 492 222 541 Ferrea
238 493 261 534 S.
277 493 419 535 Oatlrarinae
433 494 548 542 Senensis,
564 497 587 538 S.
603 496 740 550 Ludovici⁸⁹‚
756 499 779 540 S.
795 498 907 544 Eduardi.
924 501 947 541 S.

46 567 177 615 Adalberti,
193 569 216 610 S.
233 569 355 610 Venceslai
369 572 392 611 et
405 569 508 621 plurium
523 571 675 622 patronorum
689 572 818 625 civitatum,
834 573 873 615 ubi
888 572 950 625 capi-

46 642 97 684 tula
114 643 232 695 generalia
250 643 342 686 fiebant.
361 644 447 697 Aliqua
462 646 524 687 festa
540 647 637 698 gradum
654 638 761 690 altiorem
777 650 804 689 ut
820 648 906 689 festum
924 648 947 689 S.

46 718 135 759 Mariae
146 718 298 771 Magdalenae
309 718 468 773 obtinuerunt,
481 719 580 762 maxime
591 722 713 774 postquam
724 724 753 764 ab
765 735 824 764 anno
836 723 890 764 1295
902 723 949 762 fra-

45 794 93 834 tres
107 792 285 834 Praedicatores
299 805 326 834 ex
340 793 500 836 munificentia
515 795 595 836 domus
610 795 686 848 regiae
701 796 872 850 Andegavensis
886 796 949 848 apud

47 868 69 909 S.
87 866 241 908 Maximinum
256 866 381 909 constituti
395 869 518 909 fuerunt⁹⁰.
831 912 832 915 ,

101 942 148 982 Pro
164 940 238 983 variis
252 941 379 992 provinciis
395 942 518 984 memoriae
537 943 573 995 (ut
590 944 613 985 S.
631 944 696 985 Petri
712 945 831 997 Martyris,
851 946 873 987 S.
892 944 949 985 ’.1116

46 1026 103 1069 mae,
122 1016 145 1058 S.
163 1015 333 1068 Catharinaellt
350 1016 542 1068 concedebantur,
559 1018 614 1059 dum
629 1016 654 1057 in
670 1017 796 1069 provinciis
812 1017 949 1070 germanicis

46 1089 185 1141 praesertim
202 1090 280 1132 officia
296 1091 324 1132 de
340 1090 456 1141 mysteriis
473 1091 545 1132 variis
561 1091 677 1144 passionis
694 1093 746 1133 Iesu
763 1095 786 1134 et
803 1094 830 1133 de
847 1104 949 1144 compas-

46 1163 111 1206 sione
125 1165 152 1205 B.
170 1150 262 1205 Mariae
273 1164 476 1206 celebrabantur⁹².

102 1239 199 1279 Praeter
216 1249 294 1279 sacras
311 1250 389 1290 preces
406 1238 536 1291 liturgicus,
555 1251 612 1292 quas
628 1240 716 1281 fratres
731 1240 907 1281 Praedicatores
924 1239 948 1279 in

47 1311 95 1354 suis
111 1309 263 1353 conventibus
277 1312 419 1364 peragebant
433 1312 529 1364 perenni
545 1312 609 1355 fonti.
621 1313 720 1355 unitatis
736 1313 867 1366 spiritualis
884 1316 907 1354 et
922 1312 949 1353 il-

46 1385 196 1427 lustrationis
219 1384 413 1438 contemplativae
435 1385 582 1428 inhaerentes
605 1399 632 1428 ex
656 1399 700 1439 qno
724 1389 821 1428 mentem
846 1387 949 1429 ditarent

45 1462 115 1512 atque
126 1471 197 1511 opera
207 1460 354 1511 apostolatus
365 1457 499 1514 irrigarent,
513 1462 629 1502 orationes
641 1461 745 1512 priuatus
756 1462 889 1513 personales
900 1461 949 1501 Deo

46 1533 185 1587 dirigebant.
208 1534 271 1583 Quae
292 1533 409 1575 orationes
429 1535 595 1586 quodammodo
615 1535 645 1575 ad
664 1534 766 1576 officium
787 1534 890 1576 divinum
911 1546 948 1575 eos

45 1608 219 1662 praeparabant
234 1607 269 1648 vel
284 1607 308 1648 in
324 1607 519 1660 contemplatione
534 1610 588 1660 post
602 1606 742 1650 celebratum
758 1607 861 1650 officium
876 1607 949 1649 conti·
1006 1603 1007 1606 ’

45 1682 139 1723 nebant.
155 1681 194 1723 Ad
207 1682 300 1722 modum
314 1682 367 1723 lesu
382 1681 471 1724 Christi
487 1682 624 1733 Salvatoris
640 1681 679 1734 qui
693 1693 771 1733 preces
786 1693 863 1723 coram
878 1682 949 1722 Patre

45 1754 109 1797 fudit
120 1757 144 1796 et
154 1755 182 1796 ob
194 1766 263 1797 suam
270 1755 422 1796 reverentiam
434 1754 558 1797 exauditus
569 1757 612 1806 est,
624 1755 659 1797 ita
672 1756 695 1798 S.
708 1754 843 1796 Dominicus
855 1754 948 1807 eiusque

46 1828 90 1870 filii
108 1830 132 1870 et
150 1828 263 1870 officiales
282 1828 437 1870 sacerdotales
455 1829 572 1871 orationes
591 1841 668 1870 coram
687 1831 735 1870 Deo
754 1830 907 1871 effundebant
926 1831 949 1869 et

45 1901 151 1954 privatas
171 1914 252 1954 preces
270 1914 298 1943 ac
317 1902 487 1953 postulationes
508 1914 550 1954 pro
570 1903 700 1944 animarum
722 1903 798 1944 salute
819 1902 948 1953 maioreque

44 1977 125 2018 fructu
139 1975 224 2019 salutis
238 1975 347 2028 propriae
361 1965 388 2017 ac
402 1976 483 2017 mundi
497 1976 599 2018 universi
613 1976 775 2018 instituebant.
793 1976 948 2017 Pernoctabat

46 2052 69 2093 S.
87 2049 224 2092 Dominicus
240 2045 358 2091 interdum
374 2061 451 2091 coram
468 2048 759 2092 eucharistico'Salvatore
775 2049 800 2089 iu
817 2048 946 2090 eeclesiis⁹³.

44 2124 138 2165 nonnisi
154 2124 181 2165 de
197 2125 245 2165 Deo
261 2126 303 2165 aut
318 2135 370 2164 cum
386 2125 434 2165 Deo
450 2124 546 2176 loquens
561 2136 652 2165 sensum
668 2126 691 2164 et
706 2123 797 2175 praxim
813 2123 946 2164 continuam

45 2197 128 2239 orandi
142 2197 303 2239 manifestavit
317 2199 340 2238 et
355 2197 441 2239 docuit.
459 2198 482 2239 S.
499 2198 597 2239 Thomas
613 2199 640 2239 de
654 2196 746 2249 Aquino
761 2196 813 2249 pari
828 2196 947 2238 devotione

45 2267 156 2324 liturgica
174 2275 242 2324 quam
260 2270 374 2312 orationis
390 2270 496 2323 privatae
514 2271 629 2313 excelluit.
649 2269 806 2312 Postulationi
823 2270 906 2312 humili
924 2273 947 2311 et

44 2343 172 2386 incessanti
191 2357 234 2398 pro
254 2344 363 2386 claritate
382 2344 550 2387 intelligentiae
571 2344 741 2397 scripturarum
761 2345 784 2384 et
804 2344 945 2396 dogmatum,

44 2430 86 2470 pro
110 2418 236 2461 obtinenda
259 2418 337 2471 gratia
360 2413 553 2470 perseuerantiae,
579 2417 640 2459 sieut
663 2419 687 2458 et
709 2417 899 2469 contemplationi
924 2428 947 2458 se

44 2493 174 2546 largissime
189 2492 338 2534 dedicabant
355 2493 432 2545 Atque
447 2493 590 2534 Humbertus
605 2490 696 2543 copiose
710 2490 737 2532 de
752 2491 846 2533 secretis
861 2490 946 2535 oratio-

43 2566 113 2608 nibus
126 2566 243 2608 sectandis
257 2565 359 2619 disserit,
374 2577 472 2608 evocans
486 2566 614 2616 exemplum
629 2563 764 2618 SalvatorIs
781 2566 804 2607 S.
820 2563 945 2614 1161116161,

44 2638 216 2692 primitivorum
235 2641 344 2690 fratrum,
366 2640 406 2693 qui
425 2641 514 2681 statum
534 2638 659 2690 pristinum
679 2637 767 2681 ordinis
787 2638 902 2682 uiderunt.
924 2639 947 2677 et

43 2703 144 2754 addens:
164 2726 174 2752 r
185 2714 245 2766 quod
259 2726 285 2755 ea
299 2715 426 2765 quaesunt
440 2714 468 2754 de
482 2712 559 2754 officio
573 2710 727 2753 ecclesiastico
741 2723 783 2763 pro
797 2722 881 2763 magna
894 2721 946 2761 par-

44 2794 67 2828 te
81 2786 155 2838 magis
169 2790 224 2827 sunt
237 2778 317 2829 landes
331 2799 399 2839 quam
412 2786 550 2838 petitiones:
568 2779 648 2826 laudes
661 2787 738 2827 autem
752 2786 886 2837 competunt
900 2785 946 2824 sta-

38 2859 74 2901 tui
84 2858 253 2910 triumphantis
262 2860 386 2913 Ecclesiae,
398 2868 455 2911 qrrae
465 2858 533 2901 estin
543 2858 686 2900 abundantia
694 2860 740 2901 iam
749 2857 849 2911 recepta.
861 2854 948 2898 Huius.

43 2935 105 2976 modi
118 2945 172 2976 vero
186 2932 302 2974 orationes
316 2937 417 2975 secretae
430 2932 504 2985 magis
517 2934 572 2973 sunt
585 2932 708 2985 petitiones
722 2944 789 2985 quam
802 2932 890 2972 laudes.
905 2931 946 2972 Pe-

42 3008 139 3050 titiones
152 3018 205 3049 vero
218 3007 293 3058 magis
304 3008 438 3059 competunt
451 3006 514 3047 tatui
526 3006 651 3048 militantis
664 3005 788 3056 Ecclesiae,
803 3016 860 3056 quae
873 3007 908 3045 est
921 3005 946 3045 iu

42 3081 173 3135 indigentia
186 3083 209 3123 et
222 3080 273 3121 ideo
287 3080 359 3132 magis
373 3083 428 3122 sunt
442 3080 573 3121 luriusmodi
586 3080 702 3123 orationes
715 3077 858 3121 necessariae
871 3079 946 3120 statui
