2101 3187
365 93 418 127 Laus
435 94 459 127 de
475 94 543 127 ordine
560 95 722 129 Praedicatorum
956 94 994 139 41²)

84 223 212 274 agitatum²
225 222 251 261 et
266 232 335 272 super
352 231 429 261 omnes
446 219 486 260 hos
503 221 598 261 eventus
614 218 729 271 epidemia
743 221 826 273 pestis³
843 225 867 264 et
884 216 999 276 dilapsus?

86 297 250 337 conventuum4
264 295 310 337 sive
325 294 473 335 calamitates
486 305 512 334 ex
527 296 596 346 parte
609 294 656 336 sive
671 295 794 338 molestias*
803 297 849 338 toti
864 295 996 338 ordini'in‘-⁴

66 362 217 426 ¹ilixerunt.¹
963 379 965 383 “
994 370 996 376 “

141 445 257 485 Attamen]
267 442 415 494 conspicuam
426 442 559 484 missionem
566 443 591 483 in
602 443 653 484 sinu
665 444 789 498 Ecclesiae,v
801 457 842 498 pro
853 444 987 487 saluteani-

84 530 176 559 marum
197 528 277 568 usque·
289 518 319 558 ad
340 519 459 558 extremas
476 517 558 569 plagas
571 518 665 559 'iratres
687 518 863 560 Praedicatores
884 515 985 560 ielieite'r

83 593 228 633 exercebant.
241 591 318 632 Huius
329 591 364 632 rei
375 590 497 632 enuntiata
508 591 630 643 pontificia
641 593 664 633 et
676 594 801 643 praecones
812 595 835 634 et
846 595 918 634 testes
928 592 994 634 ersi-⁶

84 669 158 707 stunt.
180 666 263 706 Habet
274 677 316 717 pro
336 665 417 707 ordine
436 665 575 706 Benedictus
593 666 624 706 XI
644 666 699 707 haee
718 668 787 708 verba
803 666 905 708 laudis⁵:
928 668 987 708 «iix

85 742 158 781 torto·
168 738 276 780 delicioso
292 738 410 780 Ecclesiae
426 739 731 781 sacrosanctae·'ineffabilis
746 740 893 792 providentia
909 740 986 781 condi-

84 820 144 869 toris
156 824 198 864 pro
212 811 248 853 sui
260 812 362 854 nominis
374 813 494 854 attolenda
507 813 583 865 gloria
593 815 623 854 'et'
634 813 709 855 salute
723 813 826 855 fidelium
840 815 985 866 procuranda

82 887 229 938 praeclarum
243 886 346 928 ordinem
360 886 550 928 Praedicatorum
565 886 646 928 diebus
660 886 793 929 novissimis
806 887 868 929 inter
882 887 985 940 speciose

22 1001 24 1005 ,
81 969 105 1002 et
119 961 218 1001 secunda
231 960 349 1011 plantaria
363 960 430 1012 quasi
442 960 533 1012 lignum
543 960 605 1001 vitae
618 960 729 1012 produxit
743 962 804 1013 quod
817 961 912 1013 superni
925 961 984 1002 roris

83 1034 242 1076 benedictione
254 1035 373 1085 pertusum
387 1034 420 1075 sic
432 1046 446 1075 a
459 1033 507 1076 suis
519 1033 653 1086 primordiis
667 1034 824 1076 laudabilibus
837 1033 984 1076 incrementis

82 1107 203 1161 precessit,
224 1107 257 1168 sic
275 1120 298 1149 se
316 1107 396 1148 divina
415 1109 524 1159 operante
542 1107 620 1160 gratia
638 1107 665 1148 in
682 1108 756 1148 altum
775 1108 888 1160 provexit
908 1108 941 1149 sic
960 1106 993 1149 se'

80 1167 149 1233 longe
162 1181 252 1233 lateque
265 1181 363 1222 diffudit
375 1183 402 1222 ut
415 1180 558 1222 sublimitate
570 1193 613 1222 sua
626 1182 704 1222 caelos
713 1181 837 1235 pertigerit
849 1183 872 1223 et
885 1183 916 1223 ad·
927 1179 983 1223 fines

80 1254 178 1297 ultimos
190 1254 256 1295 orbis
264 1257 381 1296 terrarum
395 1267 450 1296 suos
461 1254 591 1295 extenderit
603 1254 711 1306 palmites
724 1266 853 1307 generosos.
870 1250 918 1297 Isti
928 1257 982 1296 sunt

80 1329 190 1381 palmites
204 1327 302 1380 pretiosi
315 1328 410 1370 Christo
425 1328 468 1369 viti
482 1340 548 1369 verae
562 1327 709 1369 inhaerentes
723 1316 811 1371 iratres
825 1328 932 1370 videlicet
947 1340 982 1370 or-

81 1402 144 1443 dinis
158 1403 182 1444 8.
198 1402 313 1443 Dominiei
327 1402 367 1454 qui
381 1414 395 1443 a
409 1401 614 1454 superfluitatibus
628 1404 772 1443 terrenorum
787 1403 886 1455 purgati¹
897 1405 922 1443 et
934 1400 982 1444 sar-

79 1476 140 1518 cinis
155 1475 290 1517 divitiarum
306 1475 408 1518 abiectis
419 1475 590 1528 abnegaverunt
606 1475 731 1516 salubriter
746 1475 884 1528 semetipsos
896 1477 920 1517 et
935 1488 981 1517 am-

80 1550 145 1601 plexi
159 1550 322 1600 paupertatem
336 1551 360 1590 et
377 1549 506 1601 regularem
522 1548 595 1590 vitam
607 1548 711 1600 'professi
727 1550 759 1591 ad
774 1549 904 1591 conuiuium
921 1549 986 1602 regis

78 1623 187 1665 caelestis
203 1623 296 1663 honoris
310 1625 334 1664 et
349 1622 478 1663 honestatis
493 1622 564 1663 flores
580 1633 662 1663 suaves
677 1624 701 1663 et
716 1622 808 1664 fruetus
824 1623 981 1664 uberesa‘ttu-

80 1697 165 1738 lerunt.
182 1697 227 1737 Isti
241 1699 295 1737 sunt
310 1696 378 1738 electi
393 1695 481 1737 christi
495 1695 598 1736 ministri
613 1695 737 1748 conspicua
752 1696 863 1748 religione
878 1696 980 1749 fulgente

77 1772 102 1811 et
115 1770 236 1811 honestate
249 1769 310 1811 vitae
323 1769 461 1820 clarissimis
471 1778 528 1821 quos
539 1769 564 1809 in
578 1769 652 1810 lucem
666 1768 769 1821 gentium
784 1769 828 1811 Dei
842 1769 982 1822 sapientiam·

79 1844 169 1886 dedisse
183 1843 326 1895 dignoscitur
340 1844 404 1884 velut
417 1842 562 1895 splendentia
576 1842 653 1883 sidera
667 1842 692 1882 ir
705 1843 823 1884 Ecclesiae
837 1843 979 1885 firmamento

76 1919 101 1958 et
122 1923 239 1968 tamquam
258 1917 364 1958 lucernas
384 1917 491 1957 ardentes
510 1915 535 1956 in
555 1916 622 1957 domo
643 1916 686 1957 Dei
704 1916 865 1958 illuminantes
884 1917 978 1958 cunctos

76 1990 221 2042 evangelicis
229 1990 372 2032 documentis
385 1992 409 2031 et
421 1989 583 2042 spiritualibus
596 1989 669 2031 radiis
683 1990 829 2031 ostendentes
842 1990 978 2031 mortalibus

78 2064 216 2113 viamlvitae
227 2078 245 2104 p.
264 2064 355 2106 Similia
371 2063 413 2104 alii
428 2063 551 2104 Pontifices
568 2062 697 2103 edixerunt.
715 2062 759 2104 His
775 2063 883 2105 laudibus
899 2065 978 2116 tegun-

77 2139 124 2189 tur,
147 2149 205 2188 quae
225 2137 316 2183 ordines
336 2136 440 2189 religiosi
460 2136 522 2188 apud
542 2136 631 2188 scripta
651 2131 720 2188 atque
739 2139 848 2178 auctores
868 2138 977 2188 profanos

74 2209 189 2256 Chaucer,
205 2212 338 2263 Rutebeuis,
355 2213 444 2252 Roman
458 2210 485 2251 de
499 2211 523 2251 la
537 2211 597 2250 Rose
612 2209 842 2261 prosperarentur
857 2211 976 2251 debebant.

131 2284 189 2323 Post
205 2286 290 2334 pestem
306 2284 387 2336 utique
403 2284 491 2325 siderea
507 2283 604 2325 claritas
621 2283 709 2324 ordinis
726 2284 843 2324 diminuta
858 2288 885 2324 ac
901 2285 977 2324 tracta

73 2357 181 2407 apparet.

69 2439 75 2461 i

218 2532 221 2536 «
284 2506 303 2563 ἓ
316 2509 337 2552 8.
352 2507 425 2550 Series
442 2507 597 2565 magistrorum
613 2506 756 2563 generalium.

130 2636 250 2687 Depositio
265 2638 373 2688 magistri
388 2638 502 2690 generalis
517 2639 636 2679 Munionis
651 2651 690 2690 per
707 2639 826 2680 Summum
841 2639 975 2680 Pontificem

54 2718 56 2724 ’
74 2721 120 2765 nou
139 2710 230 2761 quidem
248 2709 338 2750 ratione
357 2711 468 2753 laesionis
485 2712 578 2764 regulae
597 2712 632 2752 vel
651 2696 845 2753 constitutionum
864 2724 891 2753 ex
909 2714 975 2764 parte

74 2783 176 2835 depositi
197 2782 236 2823 sed
257 2783 399 2824 solummodo
421 2785 511 2826 ratione
532 2785 633 2826 alicuius
654 2776 840 2836 opportunitatis
860 2798 887 2827 ex
908 2788 974 2838 parte

72 2856 220 2898 inimieorum
232 2854 367 2907 quicumque
378 2857 468 2898 inerint
480 2859 541 2899 tanti
554 2859 662 2910 magistri
673 2861 744 2910 iacta,
758 2859 861 2912 graviter
873 2859 974 2900 ordinem

72 2930 175 2969 irairum
193 2929 382 2969 Praedicatorum
399 2930 482 2970 aiiecit
498 2931 544 2972 imo
563 2931 667 2972 ortlinem
685 2931 781 2973 aiilixit.
802 2933 878 2984 Atque
896 2931 976 2983 rapide

73 3013 114 3051 per
131 3004 223 3053 tempus
239 3001 370 3042 immediate
388 3001 418 3042 ad
436 3002 602 3054 depositionem
620 3004 737 3045 Munionis
755 3016 852 3057 sequens
869 3003 974 3056 magistri
