2188 3178
90 71 130 112 134
186 63 187 66 ’
417 74 463 109 rna
480 75 500 108 er
517 75 570 109 aeuo
587 75 662 110 ordinis

87 197 582 243 ·’1101011011111101110111110101111111148.
598 203 744 246 Moderameu
758 203 831 245 studii
846 205 990 247 Coloniensis

87 273 199 325 magister
211 273 301 323 ordinis
313 286 374 317 anuo
387 276 440 318 1483
454 275 717 320 sancivit4⁹.'Provincia
731 277 844 320 saxoniae
857 278 920 320 vario
934 281 989 320 tem-

87 359 143 399 pore
153 348 233 389 studia
243 348 348 401 gneralia
360 351 490 403 Eriordiae,
503 352 661 406 Magdeburgi,
674 352 777 395 Berolini
787 351 875 394 habuit.

144 422 258 464 Oxoniam
279 423 316 464 die
336 424 363 465 15
383 425 478 477 augusti
497 425 552 465 1221
572 425 658 470 iratres
678 427 832 480 ingredientes
853 430 990 468 conventum

86 498 228 552 formarunt,
245 498 284 551 qui
301 498 386 541 «iuter
399 503 511 553 angustos
526 502 665 543 Iudaeorum
682 503 737 544 fines
753 503 812 544 situs
827 501 881 555 init,
899 502 990 543 munifi-

86 572 164 613 centia
183 573 280 615 Henrici
299 575 348 627 III,
368 577 502 627 magnatum
521 574 587 627 regni
605 576 857 628 ecclesiasticorumque
875 577 989 628 praelato-

39 691 40 694 ,
87 657 163 691 11111»Ι
178 649 260 698 postea
275 647 441 700 ampliatum⁵⁰.
460 651 525 690 Duas
541 649 632 690 scholas
647 652 676 692 ab
692 650 760 692 initio
777 652 863 692 iratres
879 652 990 692 tenebant

86 723 112 762 at
122 721 214 763 scholae
225 721 299 763 studii
309 722 423 775 generalis
434 736 448 765 a
458 722 568 775 capitulis
579 722 669 766 ordinis
678 725 739 777 1246,
752 726 814 778 1247,
825 724 879 767 1218
889 737 931 777 pro
942 725 989 766 An·
1005 763 1007 767 4
1022 755 1023 758 ¹

87 794 134 845 plia
146 796 251 837 decretae
262 809 289 837 ex
301 796 446 849 oppositione
458 796 635 849 provincialium
646 798 839 851 impediebantur,
853 799 923 840 donec
934 798 989 840 1261

87 869 168 912 Simon
179 869 207 911 de
218 870 309 912 Hinton
321 870 440 922 depositus
451 873 518 912 extra
529 870 671 923 provinciam
682 873 712 913 ad
724 871 845 924 legendum
856 872 989 925 assignatus

86 943 167 984 fuerit.
186 944 267 985 Denuo
284 944 388 986 Oxoniae
404 945 481 986 studio
497 956 540 996 pro
556 944 682 997 provinciis
699 945 819 998 designato
837 959 848 985 n
860 947 918 998 quod
935 945 989 986 inde

88 1029 134 1070 non
148 1018 224 1069 possit
239 1018 351 1060 removeri
367 1018 417 1059 sine
432 1018 527 1060 licentia
543 1018 641 1070 capituli
657 1018 792 1072 generalis»
809 1031 883 1061 novus
897 1020 988 1072 provin-

87 1091 154 1133 cialis
166 1092 283 1149 liebertus
295 1089 472 1144 de'Kilwardby
484 1092 585 1133 laborem
598 1094 622 1133 et
634 1104 702 1138 curas
715 1092 855 1144 impendit⁵1.
871 1093 989 1134 Mansiun-

86 1166 163 1207 culam
176 1165 200 1205 in
213 1166 307 1218 regione
319 1157 458 1207 Iudaeorum
471 1166 624 1207 iratres1245
637 1166 786 1219 reliquerant,
800 1166 831 1207 ad
843 1169 935 1218 portam
948 1178 988 1207 au-

85 1240 182 1281 stralem
192 1240 273 1293 oppidi
283 1239 323 1281 ubi
333 1251 374 1281 rex
384 1240 417 1281 eis
428 1240 551 1281 maximam
562 1242 651 1292 partem
662 1240 752 1282 insulae
761 1240 793 1284 ad
803 1241 933 1282 Tamesium
943 1241 988 1281 ilu-

85 1314 147 1356 vium
160 1310 268 1369 dederat,
279 1316 416 1356 conventum
430 1319 454 1357 et
467 1315 585 1356 ecclesiam
602 1315 664 1366 11262
677 1317 841 1370 consecratam)
857 1319 990 1357 construem

86 1391 148 1431 tes⁵².
164 1390 249 1431 Oxonii
262 1389 316 1431 lites
329 1391 358 1431 de
370 1390 478 1431 doctrina
491 1374 616 1441 Aquinatis
630 1401 710 1441 graues
723 1388 855 1430 vexationes
869 1388 988 1442 magistris

85 1463 239 1505 dominicanis
256 1475 297 1515 per
313 1463 390 1515 ipsum
406 1463 542 1514 Kilwardby
558 1466 581 1504 et
598 1464 712 1522 Peckham
728 1462 913 1514 archiepiscopos
930 1463 988 1504 Gan-

85 1536 224 1589 tuarienses,
238 1537 334 1589 insuper
346 1536 471 1578 conflictus
484 1549 536 1578 cum
549 1536 682 1578 doctoribus
694 1538 795 1577 fratrum
809 1535 925 1578 liinorum
937 1548 988 1577 uec·
1046 1562 1047 1565 =

85 1623 132 1651 11011
150 1610 305 1667 exclusionem
322 1613 495 1662 temporaneam
513 1622 527 1651 a
544 1612 611 1652 coetu
629 1610 792 1652 universitario
810 1610 985 1651 adduxerunt⁵³.

52 1715 53 1718 ,
88 1684 439 1727 1111101314111101(10111011
453 1683 605 1726 universitate
619 1684 725 1736 docuit⁵¹²‚
739 1696 795 1735 pace
808 1676 869 1725 anno
883 1683 936 1724 1326
951 1683 987 1723 (10-

86 1758 176 1800 finitive
194 1761 271 1810 pacta.
292 1758 446 1801 (turbationes
464 1760 541 1799 autem
561 1758 635 1798 denuo
653 1758 715 1799 inter
733 1769 806 1798 annos
825 1757 920 1808 1378188
939 1768 987 1797 eve-

86 1836 178 1874 nerunt.
193 1832 342 1874 Dominioani
352 1832 471 1874 numerosi
483 1833 513 1873 ad
526 1832 648 1873 cathedras
661 1832 821 1873 ascenderunt.
837 1831 923 1871 Eorum
936 1842 988 1882 gra-

86 1907 153 1948 duati
165 1919 227 1948 auno
240 1898 295 1948 1450
309 1907 383 1959 qrroad
397 1917 517 1947 numerum
531 1904 695 1947 Benedictinos
707 1906 835 1957 sequuntur
848 1906 871 1945 et
884 1903 938 1945 aliis
952 1915 987 1944 or-

84 1980 178 2022 dinibus
195 1981 375 2033 quibuscumque
392 1980 563 2031 praecellunt³⁵.
939 2026 941 2030 .

112 2082 114 2086 .
141 2054 314 2107 Cantabrigiae,
332 2053 372 2095 ubi
387 2054 491 2095 studium
507 2053 585 2105 magni
600 2053 710 2094 momenti
725 2054 767 2093 sub
784 2053 870 2092 Ioanne
886 2052 947 2092 XXII
964 2063 987 2091 a·

84 2130 266 2181 gnoscebatur⁵⁶',
279 2129 358 2170 schola
370 2129 424 2170 1320
436 2128 459 2168 11
473 2127 553 2183 ordine
564 2130 682 2179 tamquam
694 2126 797 2167 studium
810 2125 936 2166 notandum
948 2137 987 2177 ap·

85 2204 152 2256 paret
163 2205 187 2244 et
199 2202 308 2254 deinceps
318 2200 420 2243 remansi
433 2204 458 2242 ⁵⁷.

141 2279 169 2318 In
182 2277 299 2329 Hispania
311 2278 373 2329 1270,
388 2277 450 2329 1272,
464 2277 518 2318 1213
532 2274 635 2316 studium
648 2273 754 2327 generale
766 2272 898 2325 erigendum
911 2273 985 2314 inten-

85 2352 211 2392 debatur⁵⁸.
230 2353 262 2392 At
278 2350 334 2392 licet
351 2349 436 2391 ibidem
453 2349 532 2391 studia
549 2349 674 2400 florebant,
693 2349 770 2388 tamen
787 2348 853 2387 tarde
870 2348 926 2388 ordo
944 2346 985 2386 illa

85 2427 195 2466 recenset.
214 2426 269 2468 1303
287 2424 391 2465 studium
409 2423 515 2475 generale
533 2422 704 2463 Barcinonense
721 2420 887 2472 supponitur⁵⁹.
907 2419 986 2472 Perpi-

84 2499 151 2540 niani
165 2501 247 2550 postea
262 2498 338 2540 simile
354 2497 458 2538 studium
473 2509 515 2549 pro
532 2494 652 2548 provincia
677 2494 806 2547 Aragoniae
832 2493 984 2535 innotescit⁶⁰¹

84 2576 181 2615 Praeter
196 2574 274 2616 studia
290 2576 371 2615 nostra
387 2573 498 2615 florentia
514 2571 589 2620 Vallis
605 2570 686 2612 Oletill
703 2574 726 2611 et
742 2571 908 2622 8111111101οΜ,
926 2570 987 2609 Abn-

83 2652 121 2692 lae
132 2650 248 2691 «studium
257 2652 395 2702 perpetuum
405 2648 430 2689 in
440 2647 564 2700 theologia,
576 2645 721 2699 philosophia
731 2648 754 2687 et
764 2646 850 2697 logica»
862 2653 923 2685 111110
933 2643 987 2682 1501

84 2737 126 2777 per
142 2723 279 2776 magistrum
295 2723 386 2765 ordinis
401 2722 509 2764 Bandelli
525 2733 567 2773 pro
585 2720 764 2762 Observantibus
781 2717 934 2759 constitutum
951 2717 986 2756 est

84 2798 195 2850 aliudque
208 2797 329 2849 Hispali⁶³.
540 2783 541 2786 ¹

133 2872 228 2913 ,Versus
250 2871 362 2912 orientem
383 2873 407 2912 et
428 2868 609 2921 septentrionem
631 2868 709 2909 studia
730 2864 847 2919 generalia
868 2866 983 2916 Pragense

83 2948 137 2989 1383
153 2932 303 2987 universitati
317 2944 519 2995 incorporatumit,
535 2942 640 2983 Budense
658 2944 678 2995 (1
689 2942 719 2982 ad
733 2941 809 2980 instar
824 2937 897 2978 studii
912 2938 985 2979 Bono-
