<?xml version="1.0" encoding="UTF-8"?>
<!DOCTYPE html PUBLIC "-//W3C//DTD XHTML 1.0 Transitional//EN"
    "http://www.w3.org/TR/xhtml1/DTD/xhtml1-transitional.dtd">
<html xmlns="http://www.w3.org/1999/xhtml" xml:lang="en" lang="en">
 <head>
  <title>
</title>
<meta http-equiv="Content-Type" content="text/html;charset=utf-8" />
  <meta name='ocr-system' content='tesseract 3.04.00' />
  <meta name='ocr-capabilities' content='ocr_page ocr_carea ocr_par ocr_line ocrx_word'/>
</head>
<body>
  <div class='ocr_page' id='page_1' title='image "MN5081ucmf_3_0028.png"; bbox 0 0 2081 3147; ppageno 0'>
   <div class='ocr_carea' id='block_1_1' title="bbox 41 387 958 513">
    <p class='ocr_par' dir='ltr' id='par_1_1' title="bbox 41 387 958 513">
     <span class='ocr_line' id='line_1_1' title="bbox 41 387 958 513; baseline -0.01 -21"><span class='ocrx_word' id='word_1_1' title='bbox 41 396 272 494; x_wconf 82' lang='lat' dir='ltr'>HISTORIA</span> <span class='ocrx_word' id='word_1_2' title='bbox 288 387 522 513; x_wconf 87' lang='lat' dir='ltr'>FRATRUM</span> <span class='ocrx_word' id='word_1_3' title='bbox 533 417 710 489; x_wconf 88' lang='lat' dir='ltr'><strong>PRAEDI</strong></span> <span class='ocrx_word' id='word_1_4' title='bbox 712 415 958 489; x_wconf 85' lang='lat' dir='ltr'>CATORUM.</span> 
     </span>
    </p>
   </div>
   <div class='ocr_carea' id='block_1_2' title="bbox 149 559 837 655">
    <p class='ocr_par' dir='ltr' id='par_1_2' title="bbox 149 559 837 655">
     <span class='ocr_line' id='line_1_2' title="bbox 149 559 837 655; baseline -0.001 -1"><span class='ocrx_word' id='word_1_5' title='bbox 149 601 170 654; x_wconf 93' lang='grc' dir='ltr'>Ι.</span> <span class='ocrx_word' id='word_1_6' title='bbox 192 559 295 655; x_wconf 83' lang='lat' dir='ltr'>PARS</span> <span class='ocrx_word' id='word_1_7' title='bbox 316 601 366 654; x_wconf 90' lang='lat' dir='ltr'>AB</span> <span class='ocrx_word' id='word_1_8' title='bbox 385 600 501 654; x_wconf 87' lang='lat' dir='ltr'>INITIO</span> <span class='ocrx_word' id='word_1_9' title='bbox 524 601 572 653; x_wconf 90' lang='lat' dir='ltr'>AD</span> <span class='ocrx_word' id='word_1_10' title='bbox 591 581 727 655; x_wconf 88' lang='lat' dir='ltr'><strong>ANNUM</strong></span> <span class='ocrx_word' id='word_1_11' title='bbox 749 600 837 653; x_wconf 81' lang='lat'>1507.</span> 
     </span>
    </p>
   </div>
   <div class='ocr_carea' id='block_1_3' title="bbox 343 830 655 897">
    <p class='ocr_par' dir='ltr' id='par_1_3' title="bbox 343 830 655 897">
     <span class='ocr_line' id='line_1_3' title="bbox 343 830 655 897; baseline 0 -20"><span class='ocrx_word' id='word_1_12' title='bbox 343 830 363 878; x_wconf 86' lang='grc' dir='ltr'>Ι.</span> <span class='ocrx_word' id='word_1_13' title='bbox 383 831 504 880; x_wconf 86' lang='lat' dir='ltr'>Evolutio</span> <span class='ocrx_word' id='word_1_14' title='bbox 520 831 655 897; x_wconf 77' lang='lat' dir='ltr'>generalis.</span> 
     </span>
    </p>
   </div>
   <div class='ocr_carea' id='block_1_4' title="bbox 276 972 722 1022">
    <p class='ocr_par' dir='ltr' id='par_1_4' title="bbox 276 972 722 1022">
     <span class='ocr_line' id='line_1_4' title="bbox 276 972 722 1022; baseline -0.002 -13"><span class='ocrx_word' id='word_1_15' title='bbox 276 972 296 1021; x_wconf 77' lang='grc' dir='ltr'>ι)</span> <span class='ocrx_word' id='word_1_16' title='bbox 309 973 443 1010; x_wconf 76' lang='lat' dir='ltr'>nuunarro</span> <span class='ocrx_word' id='word_1_17' title='bbox 457 972 561 1009; x_wconf 78' lang='lat' dir='ltr'>onmnrs</span> <span class='ocrx_word' id='word_1_18' title='bbox 575 973 652 1022; x_wconf 77' lang='lat' dir='ltr'>(noo-</span> <span class='ocrx_word' id='word_1_19' title='bbox 663 972 722 1020; x_wconf 84' lang='lat'>1221).</span> 
     </span>
    </p>
   </div>
   <div class='ocr_carea' id='block_1_5' title="bbox 42 1129 1017 2144">
    <p class='ocr_par' dir='ltr' id='par_1_5' title="bbox 42 1129 1017 2144">
     <span class='ocr_line' id='line_1_5' title="bbox 103 1129 1017 1183; baseline -0.002 -12"><span class='ocrx_word' id='word_1_20' title='bbox 103 1130 230 1183; x_wconf 74' lang='lat' dir='ltr'><strong>Gregorius</strong></span> <span class='ocrx_word' id='word_1_21' title='bbox 248 1132 278 1171; x_wconf 90' lang='lat' dir='ltr'>IX</span> <span class='ocrx_word' id='word_1_22' title='bbox 295 1130 320 1170; x_wconf 91' lang='lat' dir='ltr'>in</span> <span class='ocrx_word' id='word_1_23' title='bbox 338 1130 404 1171; x_wconf 88' lang='lat' dir='ltr'>bulla</span> <span class='ocrx_word' id='word_1_24' title='bbox 421 1130 605 1172; x_wconf 76' lang='lat' dir='ltr'>canonizationis</span> <span class='ocrx_word' id='word_1_25' title='bbox 625 1131 648 1172; x_wconf 78' lang='lat' dir='ltr'>S.</span> <span class='ocrx_word' id='word_1_26' title='bbox 669 1129 786 1171; x_wconf 87' lang='lat' dir='ltr'>Dominici</span> <span class='ocrx_word' id='word_1_27' title='bbox 803 1141 818 1170; x_wconf 90' lang='lat' dir='ltr'>a</span> <span class='ocrx_word' id='word_1_28' title='bbox 835 1130 901 1170; x_wconf 80' lang='lat' dir='ltr'>fonte</span> <span class='ocrx_word' id='word_1_29' title='bbox 919 1140 954 1170; x_wconf 84' lang='lat' dir='ltr'>sa-</span> <span class='ocrx_word' id='word_1_30' title='bbox 1015 1141 1017 1144; x_wconf 55' lang='lat'><strong>⁴</strong></span> 
     </span>
     <span class='ocr_line' id='line_1_6' title="bbox 45 1189 950 1258; baseline -0.002 -12"><span class='ocrx_word' id='word_1_31' title='bbox 45 1205 148 1258; x_wconf 84' lang='lat' dir='ltr'>pientiae</span> <span class='ocrx_word' id='word_1_32' title='bbox 166 1206 236 1247; x_wconf 82' lang='lat' dir='ltr'>verbo</span> <span class='ocrx_word' id='word_1_33' title='bbox 254 1205 330 1258; x_wconf 91' lang='lat' dir='ltr'>patris</span> <span class='ocrx_word' id='word_1_34' title='bbox 350 1189 445 1246; x_wconf 81' lang='lat' dir='ltr'>Domini</span> <span class='ocrx_word' id='word_1_35' title='bbox 465 1206 518 1246; x_wconf 89' lang='lat' dir='ltr'>Iesu</span> <span class='ocrx_word' id='word_1_36' title='bbox 539 1205 636 1257; x_wconf 71' lang='lat' dir='ltr'>Christi,</span> <span class='ocrx_word' id='word_1_37' title='bbox 657 1205 723 1246; x_wconf 87' lang='lat' dir='ltr'>euius</span> <span class='ocrx_word' id='word_1_38' title='bbox 743 1206 830 1245; x_wconf 84' lang='lat' dir='ltr'>natura</span> <span class='ocrx_word' id='word_1_39' title='bbox 850 1203 950 1254; x_wconf 84' lang='lat' dir='ltr'>bonitas,</span> 
     </span>
     <span class='ocr_line' id='line_1_7' title="bbox 45 1276 952 1333; baseline -0.003 -13"><span class='ocrx_word' id='word_1_40' title='bbox 45 1278 112 1320; x_wconf 87' lang='lat' dir='ltr'>cuius</span> <span class='ocrx_word' id='word_1_41' title='bbox 136 1290 195 1330; x_wconf 86' lang='lat' dir='ltr'>opus</span> <span class='ocrx_word' id='word_1_42' title='bbox 219 1278 379 1321; x_wconf 76' lang='lat' dir='ltr'>misericordia</span> <span class='ocrx_word' id='word_1_43' title='bbox 404 1279 533 1333; x_wconf 78' lang='lat' dir='ltr'>exordiens,</span> <span class='ocrx_word' id='word_1_44' title='bbox 560 1282 653 1321; x_wconf 90' lang='lat' dir='ltr'>sanctos</span> <span class='ocrx_word' id='word_1_45' title='bbox 678 1278 764 1331; x_wconf 87' lang='lat' dir='ltr'>spiritu</span> <span class='ocrx_word' id='word_1_46' title='bbox 790 1277 834 1319; x_wconf 90' lang='lat' dir='ltr'>Dei</span> <span class='ocrx_word' id='word_1_47' title='bbox 859 1279 882 1319; x_wconf 87' lang='lat' dir='ltr'>et</span> <span class='ocrx_word' id='word_1_48' title='bbox 898 1276 952 1318; x_wconf 88' lang='lat' dir='ltr'>fidei</span> 
     </span>
     <span class='ocr_line' id='line_1_8' title="bbox 45 1343 953 1406; baseline -0.001 -14"><span class='ocrx_word' id='word_1_49' title='bbox 45 1352 150 1405; x_wconf 81' lang='lat' dir='ltr'>agitatos</span> <span class='ocrx_word' id='word_1_50' title='bbox 170 1343 281 1405; x_wconf 87' lang='lat' dir='ltr'>quosdam</span> <span class='ocrx_word' id='word_1_51' title='bbox 302 1352 425 1406; x_wconf 84' lang='lat' dir='ltr'>utriusque</span> <span class='ocrx_word' id='word_1_52' title='bbox 444 1353 581 1394; x_wconf 87' lang='lat' dir='ltr'>testamenti</span> <span class='ocrx_word' id='word_1_53' title='bbox 601 1357 724 1405; x_wconf 86' lang='lat' dir='ltr'>eorumque</span> <span class='ocrx_word' id='word_1_54' title='bbox 744 1353 842 1394; x_wconf 88' lang='lat' dir='ltr'>conatus</span> <span class='ocrx_word' id='word_1_55' title='bbox 863 1352 894 1392; x_wconf 89' lang='lat' dir='ltr'>ad</span> <span class='ocrx_word' id='word_1_56' title='bbox 915 1351 953 1391; x_wconf 86' lang='lat' dir='ltr'>fir-</span> 
     </span>
     <span class='ocr_line' id='line_1_9' title="bbox 48 1424 954 1479; baseline -0.002 -13"><span class='ocrx_word' id='word_1_57' title='bbox 48 1428 158 1468; x_wconf 87' lang='lat' dir='ltr'>mandum</span> <span class='ocrx_word' id='word_1_58' title='bbox 172 1429 196 1468; x_wconf 91' lang='lat' dir='ltr'>et</span> <span class='ocrx_word' id='word_1_59' title='bbox 211 1426 359 1468; x_wconf 85' lang='lat' dir='ltr'>dilatandum</span> <span class='ocrx_word' id='word_1_60' title='bbox 374 1438 470 1479; x_wconf 82' lang='lat' dir='ltr'>regnum</span> <span class='ocrx_word' id='word_1_61' title='bbox 485 1426 529 1467; x_wconf 90' lang='lat' dir='ltr'>Dei</span> <span class='ocrx_word' id='word_1_62' title='bbox 544 1429 654 1468; x_wconf 88' lang='lat' dir='ltr'>recenset.</span> <span class='ocrx_word' id='word_1_63' title='bbox 671 1427 767 1468; x_wconf 89' lang='lat' dir='ltr'>Relevat</span> <span class='ocrx_word' id='word_1_64' title='bbox 782 1425 909 1478; x_wconf 78' lang='lat' dir='ltr'>Gregorius</span> <span class='ocrx_word' id='word_1_65' title='bbox 924 1424 954 1465; x_wconf 88' lang='lat' dir='ltr'>IX</span> 
     </span>
     <span class='ocr_line' id='line_1_10' title="bbox 47 1498 954 1554; baseline -0.001 -15"><span class='ocrx_word' id='word_1_66' title='bbox 47 1500 171 1552; x_wconf 80' lang='lat' dir='ltr'>praecipue</span> <span class='ocrx_word' id='word_1_67' title='bbox 184 1500 266 1541; x_wconf 86' lang='lat' dir='ltr'>seriem</span> <span class='ocrx_word' id='word_1_68' title='bbox 278 1502 420 1554; x_wconf 69' lang='lat' dir='ltr'>martyrum</span> <span class='ocrx_word' id='word_1_69' title='bbox 430 1500 521 1542; x_wconf 79' lang='lat' dir='ltr'>ordinis</span> <span class='ocrx_word' id='word_1_70' title='bbox 534 1502 557 1543; x_wconf 81' lang='lat' dir='ltr'>S.</span> <span class='ocrx_word' id='word_1_71' title='bbox 572 1500 701 1551; x_wconf 83' lang='lat' dir='ltr'>Benedicti,</span> <span class='ocrx_word' id='word_1_72' title='bbox 715 1499 804 1541; x_wconf 81' lang='lat' dir='ltr'>ordinis</span> <span class='ocrx_word' id='word_1_73' title='bbox 817 1498 954 1541; x_wconf 80' lang='lat' dir='ltr'>Oistercien-</span> 
     </span>
     <span class='ocr_line' id='line_1_11' title="bbox 42 1572 1002 1627; baseline 0 -14"><span class='ocrx_word' id='word_1_74' title='bbox 42 1573 128 1627; x_wconf 60' lang='lat' dir='ltr'>sisset</span> <span class='ocrx_word' id='word_1_75' title='bbox 143 1575 234 1615; x_wconf 87' lang='lat' dir='ltr'>demum</span> <span class='ocrx_word' id='word_1_76' title='bbox 248 1577 347 1615; x_wconf 85' lang='lat' dir='ltr'>—tunc</span> <span class='ocrx_word' id='word_1_77' title='bbox 363 1587 374 1613; x_wconf 89' lang='lat'>«</span> <span class='ocrx_word' id='word_1_78' title='bbox 385 1572 605 1626; x_wconf 83' lang='lat' dir='ltr'>impraesentiarum</span> <span class='ocrx_word' id='word_1_79' title='bbox 615 1587 626 1615; x_wconf 82' lang='grc'><strong>1)</strong></span> <span class='ocrx_word' id='word_1_80' title='bbox 641 1598 670 1604; x_wconf 89' lang='lat'>-</span> <span class='ocrx_word' id='word_1_81' title='bbox 684 1574 791 1615; x_wconf 87' lang='lat' dir='ltr'>ordinum</span> <span class='ocrx_word' id='word_1_82' title='bbox 807 1572 954 1614; x_wconf 89' lang='lat' dir='ltr'>Praedicato·</span> <span class='ocrx_word' id='word_1_83' title='bbox 1001 1599 1002 1603; x_wconf 56' lang='lat'><em>=</em></span> 
     </span>
     <span class='ocr_line' id='line_1_12' title="bbox 48 1647 955 1700; baseline 0 -13"><span class='ocrx_word' id='word_1_84' title='bbox 48 1659 100 1688; x_wconf 87' lang='lat' dir='ltr'>rum</span> <span class='ocrx_word' id='word_1_85' title='bbox 112 1650 135 1688; x_wconf 88' lang='lat' dir='ltr'>et</span> <span class='ocrx_word' id='word_1_86' title='bbox 147 1647 272 1690; x_wconf 88' lang='lat' dir='ltr'>Minornm.</span> <span class='ocrx_word' id='word_1_87' title='bbox 286 1650 318 1689; x_wconf 82' lang='lat' dir='ltr'>Et</span> <span class='ocrx_word' id='word_1_88' title='bbox 330 1647 422 1700; x_wconf 90' lang='lat' dir='ltr'>quidem</span> <span class='ocrx_word' id='word_1_89' title='bbox 434 1648 511 1690; x_wconf 86' lang='lat' dir='ltr'>sancti</span> <span class='ocrx_word' id='word_1_90' title='bbox 523 1647 659 1689; x_wconf 81' lang='lat' dir='ltr'>fundatoris</span> <span class='ocrx_word' id='word_1_91' title='bbox 670 1647 759 1689; x_wconf 85' lang='lat' dir='ltr'>ordinis</span> <span class='ocrx_word' id='word_1_92' title='bbox 771 1648 873 1689; x_wconf 80' lang='lat' dir='ltr'>fratrum</span> <span class='ocrx_word' id='word_1_93' title='bbox 886 1647 955 1687; x_wconf 88' lang='lat' dir='ltr'>Prae-</span> 
     </span>
     <span class='ocr_line' id='line_1_13' title="bbox 49 1720 955 1774; baseline 0 -13"><span class='ocrx_word' id='word_1_94' title='bbox 49 1720 180 1762; x_wconf 86' lang='lat' dir='ltr'>dicatornm</span> <span class='ocrx_word' id='word_1_95' title='bbox 192 1722 273 1763; x_wconf 89' lang='lat' dir='ltr'>laudes</span> <span class='ocrx_word' id='word_1_96' title='bbox 285 1721 416 1763; x_wconf 87' lang='lat' dir='ltr'>describens</span> <span class='ocrx_word' id='word_1_97' title='bbox 428 1722 453 1761; x_wconf 90' lang='lat' dir='ltr'>in</span> <span class='ocrx_word' id='word_1_98' title='bbox 465 1734 491 1763; x_wconf 90' lang='lat' dir='ltr'>eo</span> <span class='ocrx_word' id='word_1_99' title='bbox 503 1720 549 1763; x_wconf 80' lang='lat' dir='ltr'>vim</span> <span class='ocrx_word' id='word_1_100' title='bbox 561 1721 628 1774; x_wconf 85' lang='lat' dir='ltr'>lacit,</span> <span class='ocrx_word' id='word_1_101' title='bbox 641 1723 702 1773; x_wconf 91' lang='lat' dir='ltr'>quod</span> <span class='ocrx_word' id='word_1_102' title='bbox 714 1720 850 1762; x_wconf 89' lang='lat' dir='ltr'>Dominicus</span> <span class='ocrx_word' id='word_1_103' title='bbox 863 1734 874 1760; x_wconf 87' lang='lat'>«</span> <span class='ocrx_word' id='word_1_104' title='bbox 885 1731 955 1773; x_wconf 88' lang='lat' dir='ltr'>quan-</span> 
     </span>
     <span class='ocr_line' id='line_1_14' title="bbox 49 1794 955 1849; baseline 0 -15"><span class='ocrx_word' id='word_1_105' title='bbox 49 1795 171 1846; x_wconf 89' lang='lat' dir='ltr'>doquidem</span> <span class='ocrx_word' id='word_1_106' title='bbox 194 1795 358 1849; x_wconf 84' lang='lat' dir='ltr'>inexplicabile</span> <span class='ocrx_word' id='word_1_107' title='bbox 380 1795 491 1848; x_wconf 82' lang='lat' dir='ltr'>gaudium</span> <span class='ocrx_word' id='word_1_108' title='bbox 514 1795 542 1837; x_wconf 92' lang='lat' dir='ltr'>de</span> <span class='ocrx_word' id='word_1_109' title='bbox 564 1796 612 1836; x_wconf 85' lang='lat' dir='ltr'>uelo</span> <span class='ocrx_word' id='word_1_110' title='bbox 626 1795 758 1847; x_wconf 85' lang='lat' dir='ltr'>concipiens</span> <span class='ocrx_word' id='word_1_111' title='bbox 780 1795 911 1835; x_wconf 88' lang='lat' dir='ltr'>animarum</span> <span class='ocrx_word' id='word_1_112' title='bbox 925 1794 955 1835; x_wconf 89' lang='lat' dir='ltr'>ad</span> 
     </span>
     <span class='ocr_line' id='line_1_15' title="bbox 49 1869 954 1922; baseline 0.001 -13"><span class='ocrx_word' id='word_1_113' title='bbox 49 1869 141 1921; x_wconf 89' lang='lat' dir='ltr'>eloquia</span> <span class='ocrx_word' id='word_1_114' title='bbox 151 1869 195 1910; x_wconf 90' lang='lat' dir='ltr'>Dei</span> <span class='ocrx_word' id='word_1_115' title='bbox 206 1869 271 1911; x_wconf 87' lang='lat' dir='ltr'>dedit</span> <span class='ocrx_word' id='word_1_116' title='bbox 282 1870 385 1911; x_wconf 87' lang='lat' dir='ltr'>animum</span> <span class='ocrx_word' id='word_1_117' title='bbox 396 1872 419 1911; x_wconf 92' lang='lat' dir='ltr'>et</span> <span class='ocrx_word' id='word_1_118' title='bbox 430 1881 471 1921; x_wconf 88' lang='lat' dir='ltr'>per</span> <span class='ocrx_word' id='word_1_119' title='bbox 481 1869 626 1922; x_wconf 85' lang='lat' dir='ltr'>evangelium</span> <span class='ocrx_word' id='word_1_120' title='bbox 638 1869 726 1911; x_wconf 74' lang='lat' dir='ltr'>Christi</span> <span class='ocrx_word' id='word_1_121' title='bbox 737 1869 823 1911; x_wconf 89' lang='lat' dir='ltr'>multos</span> <span class='ocrx_word' id='word_1_122' title='bbox 835 1880 954 1922; x_wconf 85' lang='lat' dir='ltr'>generans,</span> 
     </span>
     <span class='ocr_line' id='line_1_16' title="bbox 49 1942 953 1997; baseline 0.001 -15"><span class='ocrx_word' id='word_1_123' title='bbox 49 1942 74 1982; x_wconf 88' lang='lat' dir='ltr'>in</span> <span class='ocrx_word' id='word_1_124' title='bbox 89 1943 239 1985; x_wconf 88' lang='lat' dir='ltr'>conversione</span> <span class='ocrx_word' id='word_1_125' title='bbox 255 1947 304 1985; x_wconf 89' lang='lat' dir='ltr'>tam</span> <span class='ocrx_word' id='word_1_126' title='bbox 321 1946 429 1986; x_wconf 87' lang='lat' dir='ltr'>strenuae</span> <span class='ocrx_word' id='word_1_127' title='bbox 446 1942 606 1985; x_wconf 88' lang='lat' dir='ltr'>multitudinis</span> <span class='ocrx_word' id='word_1_128' title='bbox 619 1945 767 1997; x_wconf 66' lang='lat' dir='ltr'>&#39;evangelicae</span> <span class='ocrx_word' id='word_1_129' title='bbox 784 1944 907 1997; x_wconf 81' lang='lat' dir='ltr'>dignitatis</span> <span class='ocrx_word' id='word_1_130' title='bbox 924 1945 953 1984; x_wconf 85' lang='lat' dir='ltr'>oi-</span> 
     </span>
     <span class='ocr_line' id='line_1_17' title="bbox 51 2005 955 2070; baseline 0.004 -15"><span class='ocrx_word' id='word_1_131' title='bbox 51 2005 129 2057; x_wconf 85' lang='lat' dir='ltr'>ficium</span> <span class='ocrx_word' id='word_1_132' title='bbox 143 2017 277 2068; x_wconf 87' lang='lat' dir='ltr'>profitentis</span> <span class='ocrx_word' id='word_1_133' title='bbox 291 2029 374 2059; x_wconf 90' lang='lat' dir='ltr'>nomen</span> <span class='ocrx_word' id='word_1_134' title='bbox 388 2021 412 2059; x_wconf 89' lang='lat' dir='ltr'>et</span> <span class='ocrx_word' id='word_1_135' title='bbox 426 2030 485 2070; x_wconf 89' lang='lat' dir='ltr'>opus</span> <span class='ocrx_word' id='word_1_136' title='bbox 498 2018 523 2058; x_wconf 88' lang='lat' dir='ltr'>in</span> <span class='ocrx_word' id='word_1_137' title='bbox 538 2020 602 2059; x_wconf 84' lang='lat' dir='ltr'>terra</span> <span class='ocrx_word' id='word_1_138' title='bbox 616 2018 701 2059; x_wconf 88' lang='lat' dir='ltr'>meruit</span> <span class='ocrx_word' id='word_1_139' title='bbox 716 2017 820 2060; x_wconf 85' lang='lat' dir='ltr'>obtinere</span> <span class='ocrx_word' id='word_1_140' title='bbox 834 2017 955 2059; x_wconf 87' lang='lat' dir='ltr'>maiorum.</span> 
     </span>
     <span class='ocr_line' id='line_1_18' title="bbox 51 2089 956 2144; baseline 0.002 -15"><span class='ocrx_word' id='word_1_141' title='bbox 51 2089 135 2131; x_wconf 87' lang='lat' dir='ltr'>Pastor</span> <span class='ocrx_word' id='word_1_142' title='bbox 151 2093 175 2131; x_wconf 90' lang='lat' dir='ltr'>et</span> <span class='ocrx_word' id='word_1_143' title='bbox 191 2092 238 2132; x_wconf 88' lang='lat' dir='ltr'>dux</span> <span class='ocrx_word' id='word_1_144' title='bbox 254 2091 351 2133; x_wconf 90' lang='lat' dir='ltr'>inclitus</span> <span class='ocrx_word' id='word_1_145' title='bbox 367 2090 393 2132; x_wconf 86' lang='lat' dir='ltr'>in</span> <span class='ocrx_word' id='word_1_146' title='bbox 409 2091 495 2144; x_wconf 84' lang='lat' dir='ltr'>populo</span> <span class='ocrx_word' id='word_1_147' title='bbox 511 2091 555 2133; x_wconf 90' lang='lat' dir='ltr'>Dei</span> <span class='ocrx_word' id='word_1_148' title='bbox 571 2092 650 2140; x_wconf 86' lang='lat' dir='ltr'>iactus</span> <span class='ocrx_word' id='word_1_149' title='bbox 665 2103 749 2133; x_wconf 90' lang='lat' dir='ltr'>novum</span> <span class='ocrx_word' id='word_1_150' title='bbox 766 2092 956 2133; x_wconf 87' lang='lat' dir='ltr'>Praedicatorum</span> 
     </span>
    </p>
   </div>
   <div class='ocr_carea' id='block_1_6' title="bbox 41 2162 956 2279">
    <p class='ocr_par' dir='ltr' id='par_1_6' title="bbox 41 2162 956 2279">
     <span class='ocr_line' id='line_1_19' title="bbox 41 2162 956 2218; baseline 0.002 -15"><span class='ocrx_word' id='word_1_151' title='bbox 41 2162 155 2204; x_wconf 63' lang='lat' dir='ltr'>⁴ordinem</span> <span class='ocrx_word' id='word_1_152' title='bbox 174 2164 282 2207; x_wconf 88' lang='lat' dir='ltr'>instituit</span> <span class='ocrx_word' id='word_1_153' title='bbox 300 2165 399 2218; x_wconf 89' lang='lat' dir='ltr'>meritis,</span> <span class='ocrx_word' id='word_1_154' title='bbox 419 2165 538 2207; x_wconf 88' lang='lat' dir='ltr'>ordinavit</span> <span class='ocrx_word' id='word_1_155' title='bbox 550 2166 661 2217; x_wconf 85' lang='lat' dir='ltr'>exemplis</span> <span class='ocrx_word' id='word_1_156' title='bbox 672 2178 713 2207; x_wconf 89' lang='lat' dir='ltr'>nec</span> <span class='ocrx_word' id='word_1_157' title='bbox 733 2165 852 2208; x_wconf 86' lang='lat' dir='ltr'>miraculis</span> <span class='ocrx_word' id='word_1_158' title='bbox 871 2165 956 2207; x_wconf 80' lang='lat' dir='ltr'>contir-</span> 
     </span>
     <span class='ocr_line' id='line_1_20' title="bbox 53 2236 586 2279; baseline 0.009 -6"><span class='ocrx_word' id='word_1_159' title='bbox 53 2244 115 2276; x_wconf 88' lang='lat' dir='ltr'>mare</span> <span class='ocrx_word' id='word_1_160' title='bbox 127 2236 197 2277; x_wconf 91' lang='lat' dir='ltr'>desiit</span> <span class='ocrx_word' id='word_1_161' title='bbox 209 2240 238 2279; x_wconf 64' lang='grc'><strong>111.</strong></span> <span class='ocrx_word' id='word_1_162' title='bbox 584 2249 586 2253; x_wconf 93' lang='grc'><em>·</em></span> 
     </span>
    </p>
   </div>
   <div class='ocr_carea' id='block_1_7' title="bbox 278 2351 746 2410">
    <p class='ocr_par' dir='ltr' id='par_1_7' title="bbox 278 2351 746 2410">
     <span class='ocr_line' id='line_1_21' title="bbox 278 2351 746 2410; baseline 0 -16"><span class='ocrx_word' id='word_1_163' title='bbox 278 2351 293 2410; x_wconf 61' lang='grc' dir='ltr'><strong>ξ</strong></span> <span class='ocrx_word' id='word_1_164' title='bbox 310 2353 330 2394; x_wconf 89' lang='lat' dir='ltr'>l.</span> <span class='ocrx_word' id='word_1_165' title='bbox 348 2352 497 2395; x_wconf 82' lang='lat' dir='ltr'>Summarium</span> <span class='ocrx_word' id='word_1_166' title='bbox 512 2354 571 2395; x_wconf 85' lang='lat' dir='ltr'>vitae</span> <span class='ocrx_word' id='word_1_167' title='bbox 587 2352 609 2394; x_wconf 86' lang='lat' dir='ltr'>S.</span> <span class='ocrx_word' id='word_1_168' title='bbox 625 2352 746 2395; x_wconf 89' lang='lat' dir='ltr'>Dominici.</span> 
     </span>
    </p>
   </div>
   <div class='ocr_carea' id='block_1_8' title="bbox 54 2442 961 2941">
    <p class='ocr_par' dir='ltr' id='par_1_8' title="bbox 54 2442 961 2941">
     <span class='ocr_line' id='line_1_22' title="bbox 110 2442 960 2498; baseline 0.008 -17"><span class='ocrx_word' id='word_1_169' title='bbox 110 2442 138 2481; x_wconf 92' lang='lat' dir='ltr'>In</span> <span class='ocrx_word' id='word_1_170' title='bbox 155 2442 285 2495; x_wconf 88' lang='lat' dir='ltr'>Hispaniae</span> <span class='ocrx_word' id='word_1_171' title='bbox 301 2446 494 2498; x_wconf 87' lang='lat' dir='ltr'>septentrionalis</span> <span class='ocrx_word' id='word_1_172' title='bbox 509 2449 577 2498; x_wconf 88' lang='lat' dir='ltr'>parte</span> <span class='ocrx_word' id='word_1_173' title='bbox 593 2447 709 2489; x_wconf 74' lang='lat' dir='ltr'>Castellae</span> <span class='ocrx_word' id='word_1_174' title='bbox 725 2446 810 2488; x_wconf 82' lang='lat' dir='ltr'>veteris</span> <span class='ocrx_word' id='word_1_175' title='bbox 827 2449 883 2489; x_wconf 89' lang='lat' dir='ltr'>urbs</span> <span class='ocrx_word' id='word_1_176' title='bbox 899 2446 960 2488; x_wconf 87' lang='lat' dir='ltr'>inve-</span> 
     </span>
     <span class='ocr_line' id='line_1_23' title="bbox 54 2510 960 2579; baseline 0.01 -26"><span class='ocrx_word' id='word_1_177' title='bbox 54 2513 120 2554; x_wconf 89' lang='lat' dir='ltr'>nitur</span> <span class='ocrx_word' id='word_1_178' title='bbox 133 2514 171 2555; x_wconf 90' lang='lat' dir='ltr'>cui</span> <span class='ocrx_word' id='word_1_179' title='bbox 184 2527 267 2560; x_wconf 88' lang='lat' dir='ltr'>nomen</span> <span class='ocrx_word' id='word_1_180' title='bbox 282 2522 372 2567; x_wconf 86' lang='lat' dir='ltr'>Uxama</span> <span class='ocrx_word' id='word_1_181' title='bbox 389 2522 495 2573; x_wconf 78' lang='lat' dir='ltr'>(Onoma,</span> <span class='ocrx_word' id='word_1_182' title='bbox 509 2521 578 2573; x_wconf 83' lang='lat' dir='ltr'>vulgo</span> <span class='ocrx_word' id='word_1_183' title='bbox 592 2510 680 2579; x_wconf 54' lang='lat' dir='ltr'>osmari,</span> <span class='ocrx_word' id='word_1_184' title='bbox 695 2533 753 2573; x_wconf 86' lang='lat' dir='ltr'>quae</span> <span class='ocrx_word' id='word_1_185' title='bbox 767 2520 893 2573; x_wconf 88' lang='lat' dir='ltr'>episcopali</span> <span class='ocrx_word' id='word_1_186' title='bbox 908 2522 960 2562; x_wconf 89' lang='lat' dir='ltr'>sede</span> 
     </span>
     <span class='ocr_line' id='line_1_24' title="bbox 55 2579 959 2647; baseline 0.011 -21"><span class='ocrx_word' id='word_1_187' title='bbox 55 2589 83 2628; x_wconf 90' lang='lat' dir='ltr'>et.</span> <span class='ocrx_word' id='word_1_188' title='bbox 90 2587 180 2639; x_wconf 78' lang='lat' dir='ltr'>magnis</span> <span class='ocrx_word' id='word_1_189' title='bbox 192 2593 338 2634; x_wconf 89' lang='lat' dir='ltr'>ornamentis</span> <span class='ocrx_word' id='word_1_190' title='bbox 349 2594 546 2636; x_wconf 68' lang='lat' dir='ltr'>illustrata&#39;inter</span> <span class='ocrx_word' id='word_1_191' title='bbox 558 2590 647 2635; x_wconf 79' lang='lat' dir='ltr'>nobiles</span> <span class='ocrx_word' id='word_1_192' title='bbox 657 2579 769 2636; x_wconf 53' lang='lat' dir='ltr'>&#39;civitates</span> <span class='ocrx_word' id='word_1_193' title='bbox 781 2595 846 2636; x_wconf 88' lang='lat' dir='ltr'>illius</span> <span class='ocrx_word' id='word_1_194' title='bbox 856 2594 959 2647; x_wconf 85' lang='lat' dir='ltr'>regionis</span> 
     </span>
     <span class='ocr_line' id='line_1_25' title="bbox 55 2655 960 2720; baseline 0.01 -20"><span class='ocrx_word' id='word_1_195' title='bbox 55 2663 198 2703; x_wconf 83' lang='lat' dir='ltr'>numeratur.</span> <span class='ocrx_word' id='word_1_196' title='bbox 214 2663 313 2709; x_wconf 87' lang='lat' dir='ltr'>Adiacet</span> <span class='ocrx_word' id='word_1_197' title='bbox 327 2667 386 2719; x_wconf 88' lang='lat' dir='ltr'>viae,</span> <span class='ocrx_word' id='word_1_198' title='bbox 402 2668 573 2720; x_wconf 75' lang='lat' dir='ltr'>quaestorium</span> <span class='ocrx_word' id='word_1_199' title='bbox 588 2667 688 2708; x_wconf 87' lang='lat' dir='ltr'>Durium</span> <span class='ocrx_word' id='word_1_200' title='bbox 703 2679 782 2709; x_wconf 87' lang='lat' dir='ltr'>versus</span> <span class='ocrx_word' id='word_1_201' title='bbox 797 2655 960 2710; x_wconf 84' lang='lat' dir='ltr'>Vallisoletum</span> 
     </span>
     <span class='ocr_line' id='line_1_26' title="bbox 55 2735 959 2798; baseline 0.007 -22"><span class='ocrx_word' id='word_1_202' title='bbox 55 2736 188 2777; x_wconf 88' lang='lat' dir='ltr'>comitatur.</span> <span class='ocrx_word' id='word_1_203' title='bbox 208 2736 236 2775; x_wconf 92' lang='lat' dir='ltr'>In</span> <span class='ocrx_word' id='word_1_204' title='bbox 254 2738 381 2782; x_wconf 84' lang='lat' dir='ltr'>Uxamensi</span> <span class='ocrx_word' id='word_1_205' title='bbox 398 2735 458 2795; x_wconf 83' lang='lat' dir='ltr'>agro</span> <span class='ocrx_word' id='word_1_206' title='bbox 472 2742 611 2784; x_wconf 74' lang='lat' dir='ltr'>et‘dioecesi</span> <span class='ocrx_word' id='word_1_207' title='bbox 629 2743 739 2798; x_wconf 88' lang='lat' dir='ltr'>oppidum</span> <span class='ocrx_word' id='word_1_208' title='bbox 758 2743 872 2796; x_wconf 82' lang='lat' dir='ltr'>Galaroga</span> <span class='ocrx_word' id='word_1_209' title='bbox 890 2742 959 2784; x_wconf 88' lang='lat' dir='ltr'>situm</span> 
     </span>
     <span class='ocr_line' id='line_1_27' title="bbox 55 2808 961 2872; baseline 0.009 -24"><span class='ocrx_word' id='word_1_210' title='bbox 55 2811 98 2854; x_wconf 75' lang='lat' dir='ltr'>est.</span> <span class='ocrx_word' id='word_1_211' title='bbox 113 2810 181 2872; x_wconf 68' lang='lat' dir='ltr'>cuius</span> <span class='ocrx_word' id='word_1_212' title='bbox 192 2810 267 2851; x_wconf 73' lang='lat' dir='ltr'>turns</span> <span class='ocrx_word' id='word_1_213' title='bbox 278 2808 406 2869; x_wconf 63' lang='lat' dir='ltr'>permagna</span> <span class='ocrx_word' id='word_1_214' title='bbox 418 2810 504 2871; x_wconf 14' lang='lat' dir='ltr'>aerum&gt;</span> <span class='ocrx_word' id='word_1_215' title='bbox 512 2815 573 2857; x_wconf 86' lang='lat' dir='ltr'>illud</span> <span class='ocrx_word' id='word_1_216' title='bbox 586 2819 686 2869; x_wconf 81' lang='lat' dir='ltr'>revocat,</span> <span class='ocrx_word' id='word_1_217' title='bbox 700 2817 725 2857; x_wconf 91' lang='lat' dir='ltr'>in</span> <span class='ocrx_word' id='word_1_218' title='bbox 739 2829 782 2869; x_wconf 89' lang='lat' dir='ltr'>quo</span> <span class='ocrx_word' id='word_1_219' title='bbox 796 2816 897 2869; x_wconf 85' lang='lat' dir='ltr'>Hispani</span> <span class='ocrx_word' id='word_1_220' title='bbox 909 2827 961 2857; x_wconf 91' lang='lat' dir='ltr'>con-</span> 
     </span>
     <span class='ocr_line' id='line_1_28' title="bbox 56 2884 961 2941; baseline 0.009 -18"><span class='ocrx_word' id='word_1_221' title='bbox 56 2886 93 2924; x_wconf 90' lang='lat' dir='ltr'>tra</span> <span class='ocrx_word' id='word_1_222' title='bbox 111 2885 206 2925; x_wconf 87' lang='lat' dir='ltr'>Mauros</span> <span class='ocrx_word' id='word_1_223' title='bbox 232 2884 393 2929; x_wconf 71' lang='lat' dir='ltr'>dimicabanr.</span> <span class='ocrx_word' id='word_1_224' title='bbox 413 2890 541 2941; x_wconf 80' lang='lat' dir='ltr'>Galarogae</span> <span class='ocrx_word' id='word_1_225' title='bbox 567 2890 630 2931; x_wconf 90' lang='lat' dir='ltr'>circa</span> <span class='ocrx_word' id='word_1_226' title='bbox 655 2890 742 2932; x_wconf 83' lang='lat' dir='ltr'>annum</span> <span class='ocrx_word' id='word_1_227' title='bbox 759 2892 814 2931; x_wconf 79' lang='lat'>1170</span> <span class='ocrx_word' id='word_1_228' title='bbox 831 2889 961 2931; x_wconf 89' lang='lat' dir='ltr'>honestiore</span> 
     </span>
    </p>
   </div>
   <div class='ocr_carea' id='block_1_9' title="bbox 0 0 1065 3147">
    <p class='ocr_par' dir='ltr' id='par_1_9' title="bbox 0 0 1065 3147">
     <span class='ocr_line' id='line_1_29' title="bbox 0 0 1065 3147; baseline 0 0"><span class='ocrx_word' id='word_1_229' title='bbox 0 0 1065 3147; x_wconf 95' lang='lat' dir='ltr'> </span> 
     </span>
    </p>
   </div>
  </div>
 </body>
</html>
