2188 3178
436 84 530 119 llvolutlo
543 85 643 126 generalis

145 302 146 325 1
176 287 568 346 1“ξ1110110111101111111111110
584 289 671 332 ordinis
689 289 730 331 suh
747 289 773 332 B.
788 288 892 331 Iordane.

80 464 81 468 ,
134 419 263 471 :dardanus
280 421 306 461 dc
323 420 424 461 Seuxoriia
439 420 463 460 in
479 421 653 462 successionem
663 422 740 462 sancti
755 420 888 463 fundatoris
903 422 933 462 ad
949 434 997 463 ma-

92 492 214 545 gisterium
232 494 338 545 gelrerale
358 494 446 535 ordinis
465 495 566 535 fratrum
585 495 777 537 'Praedicatorrnn
796 496 882 536 electus
900 496 935 535 est
954 506 996 547 per

92 568 171 621 patres
185 567 214 616 in
225 567 329 625 capitulo
344 568 445 621 generali
460 568 539 609 diebns
554 569 582 609 22
596 568 653 610 maii
669 571 792 621 quae‘erat
807 580 872 610 sacra
887 569 997 609 Penteco-

91 642 139 682 stes
154 641 178 681 et
193 641 341 697 sequentibus
356 653 416 696 111110
431 643 486 683 1222
501 642 601 684 Parisiis
616 644 785 695 congregatos.

119 766 121 773 Ι
148 715 177 760 In
189 715 231 771 liae
243 715 361 756 rotatione
372 716 423 768 laus
435 715 502 757 electi
514 716 615 757 maxima
627 716 734 757 edicitur.
749 718 810 759 Vota
821 717 926 758 ferebant
938 714 995 756 socii

91 772 188 839 primae.
198 788 268 829 horae
285 790 308 844 S.
326 789 443 830 Dominici
460 792 486 846 nt
503 791 649 831 Bertrandus
667 790 695 831 de
712 790 819 842 (tairago,
839 790 934 831 suerius
952 789 997 830 Go-

88 872 148 914 mea,
166 863 251 919 Petrus
268 862 330 904 Seila
346 862 439 915 aliique,
458 864 575 905 Iordanus
591 866 648 906 tunc
658 863 830 915 prouincialem
847 864 937 916 agebat,
956 874 997 904 an-

73 946 135 994 101
149 936 235 977 aetatis
250 935 383 978 0111111130
398 940 475 978 natus.
492 939 528 978 Er
542 937 650 989 partibus
666 937 810 978 Guestfaliae
826 937 937 978 oriundus
953 938 997 978 Pa-

92 1009 158 1051 risiis
176 1010 223 1050 iarn
243 1010 406 1052 baccalaureus
426 1010 555 1063 theologiae
575 1012 676 1053 effecius
696 1012 719 1053 S.
741 1009 887 1052 Dominicum
908 1009 998 1052 concio-

92 1086 188 1124 nantem
203 1083 293 1124 audivit
308 1084 373 1136 eique
388 1086 507 1126 confessus
521 1088 564 1136 est,
582 1086 651 1126 verba
660 1081 801 1136 'spiritualia
816 1097 830 1125 a
846 1096 933 1125 stimmo
950 1096 998 1125 ma·

93 1156 167 1208 gistro
183 1157 250 1198 avide
266 1157 366 1210 capiens.
383 1159 437 1199 1220
453 1158 489 1199 die
505 1159 519 1200 1
535 1157 650 1200 februarii
666 1157 769 1199 ordinem
786 1158 913 1209 amplexus,
931 1170 943 1199 e
959 1157 998 1198 dc-

92 1231 184 1282 putatis
204 1234 329 1273 conventus
350 1231 490 1289 Parisiensis
509 1233 540 1273 ad
560 1232 695 1284 capitulum·
711 1238 772 1272 anno
792 1231 846 1272 1220
867 1231 996 1271 Bononiam

92 1305 163 1346 venit.
181 1306 210 1346 'ln
225 1305 291 1346 cuius
307 1305 405 1357 capituli
420 1307 530 1347 mandato
546 1317 589 1359 pro
605 1305 720 1347 fratribus
735 1304 906 1346 Parisiensibus
923 1304 998 1345 lector

92 1390 172 1420 sacrae
188 1378 319 1437 scripturae
336 1379 469 1432 assignatus
486 1383 509 1420 et
526 1380 581 1420 1221
599 1391 613 1420 1
630 1379 800 1432 capitularibus
818 1378 936 1420 Bononiae
953 1378 997 1419 snb

92 1453 116 1495 S.
134 1445 257 1494 Dominico
274 1453 384 1510 reclamatis
400 1453 550 1505 provincialis
566 1453 720 1495 Lonibardiae
737 1453 807 1495 datus
823 1451 887 1493 fuit²L
907 1451 932 1493 Si
948 1451 996 1492 iarn

92 1530 144 1578 post
160 1538 247 1567 annum
263 1528 293 1567 ad
308 1516 436 1578 supremam
452 1527 633 1568 moderationem
650 1526 723 1568 totins
740 1525 828 1568 ordinis
844 1527 934 1567 evectus
951 1527 995 1577 est7

92 1601 159 1653 signa
172 1603 195 1641 et
208 1601 273 1642 dotes
286 1613 332 1641 non
344 1613 473 1643 comumnes
486 1602 581 1642 cunrad
594 1602 641 1642 tale
655 1612 738 1642 nniuus
752 1600 949 1641 commendabant.
964 1600 997 1639 Et

87 1685 117 1732 re
136 1685 190 1715 vera
210 1665 318 1731 fiduciam
336 1661 460 1715 electorum
479 1671 571 1715 11111111,
593 1675 686 1715 Etenim
706 1674 741 1715 vir
760 1674 849 1722 doctus,
870 1671 996 1725 gratiosus

92 1747 177 1789 mentis
189 1748 324 1800 elevatione,
338 1741 399 1790 ritae
411 1749 501 1789 raticme
515 1761 601 1801 severa,
615 1760 719 1791 sermone
732 1746 838 1798 ferventi,
854 1746 994 1798 penetranti,

93 1822 183 1881 efficaci
196 1822 289 1879 pollens·
298 1822 387 1864 ordinis
399 1823 513 1864 maximus
526 1825 668 1874 propagator
682 1824 705 1862 et
719 1809 850 1862 moderator
863 1819 913 1861 eins
925 1818 997 1860 actio-

85 1896 129 1946 nis
143 1898 166 1937 et
180 1895 334 1948 legislationis
348 1896 467 1948 piissimus
479 1898 558 1938 factus
571 1900 613 1938 est.
881 1937 883 1941 .

148 1969 269 2022 Principia
283 1970 333 2012 eins
346 1970 474 2023 magisterii
489 1971 603 2023 generalis
618 1972 643 2012 in
658 1972 775 2024 praesidio
790 1971 945 2023 capitulorum
959 1983 996 2023 ge-

92 2044 207 2084 neralium
223 2045 290 2085 modo
307 2044 405 2085 Parisiis
421 2045 488 2086 modo
505 2038 627 2086 Bononiae
641 2044 735 2098 habitis,
753 2044 778 2085 in
795 2044 928 2086 visitatione
944 2055 997 2096 pro-

92 2117 230 2169 vinciarum,
249 2118 274 2157 in
293 2118 621 2174 transmissionelitterarum
640 2121 691 2160 tum
710 2118 878 2171 encyclicarum
897 2120 946 2159 tum
965 2119 995 2159 ad

92 2193 227 2243 conuentus,
242 2192 380 2250 provincias,
395 2193 481 2233 fratres
495 2204 630 2245 sororesque
643 2193 668 2252 in
683 2192 758 2244 specie
773 2192 887 2243 datarum,
902 2191 926 2252 111
940 2204 997 2244 pon-

93 2265 213 2306 deratione
228 2268 278 2306 tum
293 2277 412 2317 processus
429 2266 555 2319 legislativi
571 2269 621 2308 tum
637 2266 769 2308 studiorum
785 2267 809 2306 et
824 2264 944 2318 omnigena
959 2277 997 2307 ex-

36 2362 38 2365 ·
93 2339 204 2389 pensione
222 2340 312 2389 ordinis
329 2343 449 2392 apparent.
470 2340 581 2384 Omnibus
600 2339 712 2393 capitulis
731 2337 874 2392 generalibus
892 2340 935 2382 sub
953 2351 997 2381 suo
1048 2367 1050 2371 r

93 2413 204 2467 regimine
216 2414 348 2472 celebratis,
364 2414 385 2455 si
398 2414 458 2455 illud
472 2414 617 2456 Bononiense
632 2415 696 2456 1235ss
712 2412 834 2465 excipitur,
850 2414 934 2455 adfuit.
950 2414 996 2465 Va-

94 2487 142 2529 rias
157 2471 245 2529 ordinis
262 2488 361 2529 ditiones
377 2488 474 2540 pedibus
489 2480 651 2540 perlustravit,
663 2489 695 2536 ¹ut
713 2486 796 2538 ubique
811 2487 920 2540 spiritum
935 2488 997 2529 foue-

93 2564 129 2612 ret
143 2564 166 2613 et
180 2561 330 2604 directionem
344 2562 417 2604 daret.
433 2563 454 2603 A
468 2562 563 2604 civitate
578 2560 771 2614 llagdeburgensi
786 2573 856 2614 usquc
870 2562 900 2604 ad
914 2561 997 2613 plagas

91 2635 245 2693 voccidentalis
257 2636 355 2688 Galliae,
369 2637 398 2678 ab
411 2635 537 2678 Oxoniensi
548 2636 645 2677 civitate
658 2646 730 2686 usquc
742 2635 772 2676 ad
784 2636 878 2677 'ferram
891 2636 996 2676 sanctam

92 2709 242 2767 fundationes
257 2711 358 2751 fratrum
371 2710 467 2762 propria
481 2709 626 2762 inspectione
642 2710 703 2749 certe
718 2710 841 2762 cog-novica

128 2804 129 2807 =
149 2782 227 2823 Primo
246 2784 357 2835 capitulo
369 2784 541 2836 provinciarum
561 2782 689 2825 teutoniae
712 2784 773 2835 (1225
793 2781 951 2835 Magdeburgi)
972 2783 996 2823 et

91 2857 192 2914 Angliae
213 2858 403 2911 (inarmonia)
422 2858 502 2900 habito
520 2856 632 2910 praefuit.
653 2857 756 2899 Visitata
775 2855 894 2910 provincia
912 2856 998 2896 'ferrae

92 2933 188 2991 sanctae
210 2932 328 2983 Europam
348 2933 430 2984 petens
449 2930 574 2982 naufragio
595 2931 650 2972 1237
671 2931 779 2972 interiitf.
803 2932 838 2970 lix
856 2929 994 2977 ,commercio

90 3018 132 3047 suo
146 3005 302 3057 epistularum
315 3005 408 3047 litterae
420 3004 550 3056 encyclicae
562 3005 689 3058 perierunt,
704 3009 730 3047 at
743 3005 834 3056 aliquae
848 3003 941 3045 litterae
954 3015 997 3044 nu-
