2101 3187
399 62 505 96 Provincia
521 63 611 97 Romana
919 62 967 104 215.

52 192 129 235 tribus
144 192 260 245 Romanis,
276 204 304 234 ne
318 192 395 233 locum
409 192 496 233 Romae
510 202 594 234 novum
609 192 728 243 acceptum
742 191 891 244 aliquatenus
905 191 957 233 alie-

53 269 110 308 nent
120 280 140 307 1,
152 267 300 309 Probabilius
311 268 339 326 ob
350 266 411 307 situs
423 264 574 307 Minervitani
584 264 797 324 incommoditatem
809 266 886 307 locum
898 264 959 306 huna

51 341 125 394 aliqui
141 343 227 384 frtares
243 342 343 384 Romani
360 341 490 393 relinquere
508 340 636 382 voluerunt.
657 340 755 392 Insuper
774 340 893 382 eeclesiam
912 342 958 382 suf-

53 414 167 455 ficientem
177 426 222 456 non
232 414 355 456 habebant.
367 413 539 455 Praedicabant
549 413 639 466 quidem
649 412 720 454 etiam
730 413 755 453 in
765 413 862 460 ecclesia
873 414 897 455 S.
909 413 959 454 Ma-

52 488 101 529 riae
117 500 188 540 supra
203 489 337 539 Minervam,
355 487 421 528 cuius
437 489 515 528 auten]
531 481 644 539 possessio
661 488 783 538 spectabat
798 488 829 528 ad
845 486 957 534 moniales

52 562 210 605 benedictinas
219 564 243 604 in
255 562 342 615 Campo
353 561 447 603 Martio.
460 562 528 603 Anno
538 562 593 603 1215
603 560 679 614 ipsam
689 560 810 608 ecclesiam
821 561 957 612 receperunt

51 637 206 690 Dominicani,
221 638 344 678 roborante
358 648 406 677 rem
420 637 596 679 Aldohrandino
610 637 675 689 0.P.,
691 635 799 688 episcopo
812 636 958 677 Urbevetano
1023 644 1024 647 ’

52 712 75 752 11
87 712 143 752 1111
155 710 240 752 vicario
252 711 330 764 Papae
342 709 367 749 in
379 710 448 751 Urbe.
463 709 509 762 Lis,
523 722 591 762 quam
604 710 709 752 canonici
721 710 832 753 basilicae
844 711 869 754 S.
884 712 957 754 Marci

52 787 134 825 contra
152 785 239 825 fratres
257 784 434 830 Praedicatores
453 782 515 824 cirea
534 784 710 836 dependentium
729 784 869 837 paraecialis
888 786 957 828 eccle-

51 859 99 901 siae
114 859 282 901 Minervitanac
298 871 311 900 a
328 859 425 901 basilica
440 871 483 900 sua
498 861 626 912 movebant,
644 862 726 902 contra
740 860 865 901 canonicos
881 860 958 903 decisa

51 937 94 975 111.
110 934 165 975 1281
180 933 245 985 prior
259 933 338 975 domui
354 932 524 975 Minervitanae
538 936 638 986 praeest,
656 936 679 975 et
694 933 748 975 1289
765 933 889 996 magnifica
904 944 957 975 con·
984 927 985 930 ’

50 1008 150 1050 11111111
167 1019 239 1050 novae
256 1008 366 1057 ecclesiae
385 1008 410 1049 in
429 1008 485 1050 stilo
504 1009 580 1061 gotico
597 1021 639 1061 per
656 1010 742 1063 fratres
762 1009 855 1050 Sixtum
875 1011 899 1051 et
916 1011 955 1050 Rp.

51 1084 140 1123 storum
155 1082 225 1122 ducta
240 1080 290 1122 fieri
303 1081 387 1133 eoepit.
404 1082 489 1122 Frater
504 1081 584 1123 Sixtus
599 1082 653 1123 1289
667 1082 730 1134 apud
746 1082 770 1124 S.
788 1082 881 1123 Sixtum
896 1084 956 1124 vete-

49 1167 98 1196 rem
119 1156 183 1197 obiit.
205 1155 305 1197 Labores
326 1155 418 1207 quidem
439 1154 524 1196 sensim
544 1155 760 1208 progrediebantur,
780 1155 828 1199 ,etsi
849 1156 884 1197 vel
905 1155 955 1207 ipse

47 1230 113 1282 Papa
123 1230 257 1272 Bonifatius
269 1231 330 1271 VIII
341 1242 454 1271 summam
465 1230 590 1271 notabilem
601 1230 713 1281 elargitus
724 1231 763 1273 sit.
778 1232 877 1274 Defectu
888 1242 954 1283 pecua

49 1303 102 1345 niae
113 1303 244 1345 aedificatio
255 1304 318 1344 cirea
330 1314 417 1344 annum
429 1304 484 1345 1300
496 1302 577 1345 1111111
589 1303 668 1345 debuit
679 1305 704 1346 11
712 1291 810 1346 1111111
821 1314 902 1346 versus
914 1314 954 1346 an-

3 1392 5 1396 ·
47 1378 166 1420 11111151
177 1378 243 1419 linita
254 1380 296 1420 est.
308 1379 366 1419 Post
375 1376 477 1419 reditum
488 1378 633 1420 Summarum
643 1378 783 1420 Pontificum
793 1379 819 1419 in
830 1379 915 1420 Urbem
925 1379 954 1419 si-

50 1455 90 1494 cut
102 1451 151 1494 vita
162 1452 271 1504 religiosa
283 1452 354 1494 Urbis
367 1452 482 1504 effloruit,
496 1452 532 1494 ita
544 1454 567 1493 et
579 1453 706 1493 conventus
718 1451 890 1493 Minervitanus
902 1462 954 1504 epo-

49 1527 116 1568 cham
126 1525 294 1579 magnitudinis
305 1525 412 1568 inchoari
422 1525 489 1568 vidit.
503 1526 595 1567 Etenim
606 1525 759 1578 Raymundus
770 1526 798 1567 de
809 1525 890 1578 Capua
901 1536 953 1567 1111

47 1601 111 1643 velut
126 1602 201 1644 sedem
217 1601 359 1643 ordinariam
375 1601 483 1654 magistri
499 1600 612 1653 generalis
628 1600 720 1654 delegit.
739 1600 803 1642 Talis
819 1612 876 1642 usus
892 1611 954 1642 man-

48 1677 80 1717 sit
92 1688 163 1729 usque
174 1678 204 1718 ad
216 1688 302 1718 annum
315 1677 376 1718 1873.
392 1676 525 1717 Uardinalis
539 1677 637 1717 loannes
650 1675 837 1725 Furrecramata.
852 1686 956 1716 summus

47 1753 179 1794 benefactor
196 1752 287 1794 aedium
306 1751 522 1804 Minervitanarum‚
541 1764 588 1793 non
606 1748 681 1794 solum
699 1753 819 1794 ecclesIam
838 1753 901 1794 finiri
919 1753 953 1794 iu·

48 1825 90 1877 vit,
108 1837 187 1867 verum
204 1824 274 1866 etiam
291 1824 339 1866 arti
356 1824 538 1878 typographicae
554 1824 654 1876 primum
672 1825 748 1867 locum
765 1825 791 1866 11
808 1826 871 1867 Urbe
887 1836 953 1878 prae-

47 1898 106 1950 buit,
125 1899 178 1940 dum
195 1898 332 1941 Udalrioum
348 1899 419 1940 Hahn
436 1898 638 1951 Ingolstadianum
655 1901 679 1941 11
695 1901 777 1951 postea
794 1899 952 1953 typographos

46 1974 213 2015 111111111111
230 1974 366 2015 Sublacensi
382 1974 546 2015 descendentes
562 1976 661 2016 fovebat.
680 1976 720 2015 Ita
735 1977 862 2017 conventus
879 1977 902 2015 et
919 1986 952 2016 ee-

46 2045 117 2087 clesia
132 2046 288 2088 Minervitana
303 2057 393 2099 semper
409 2045 483 2099 magis
499 2029 625 2088 clarebant.
643 2047 739 2096 Qualem
755 2047 834 2088 autem
850 2046 952 2088 auctori-

48 2121 120 2161 tatem
131 2132 208 2162 coram
220 2120 286 2162 curia
298 2108 403 2162 Romana
415 2119 571 2162 Minervitana
583 2119 678 2162 ecclesia
690 2122 760 2167 nacta
773 2120 813 2173 sit,
827 2133 840 2162 e
852 2120 951 2162 celebra-

46 2193 109 2234 tione
124 2192 221 2234 duorum
236 2194 380 2236 conclavium
394 2193 428 2236 ibi
442 2194 497 2236 1431
512 2197 535 2235 11
550 2195 604 2235 1147
619 2193 751 2236 habitorum
767 2194 907 2235 ostenditur.

103 2266 234 2308 Conventus
256 2267 409 2310 Florentinus
429 2269 471 2310 sub
493 2269 580 2310 Ioanne
602 2270 751 2312 Salernitana
773 2273 880 2324 receptus
903 2275 945 2314 est.

46 2340 141 2381 Fratres
151 2340 217 2392 prius
227 2341 252 2381 in
263 2342 365 2395 hospitio
376 2342 522 2396 Ripulitano,
535 2345 616 2394 postea
626 2343 651 2383 in
661 2344 703 2386 illo
715 2346 740 2387 S.
753 2345 876 2393 Pancratii
887 2346 951 2388 hahi-

44 2416 133 2457 tabant.
150 2415 228 2457 Mense
242 2417 360 2458 novembri
374 2418 430 2458 1221
444 2416 563 2459 ecclesiam
579 2419 602 2460 S.
619 2419 707 2462 Mariae
721 2421 832 2463 Novellae
847 2422 951 2463 obtinue-

44 2491 107 2542 runt,
119 2500 190 2541 prope
202 2500 273 2540 quam,
281 2491 349 2532 aedes
361 2491 479 2544 regulares
491 2492 656 2544 peractionem
669 2495 692 2535 S.
705 2494 772 2536 Petri
784 2495 812 2536 de
823 2495 916 2537 Verona
928 2501 950 2537 11

43 2563 268 2607 administrationem
278 2564 365 2616 prioris
376 2567 548 2609 Aldobrandini
559 2567 698 2610 Oavalcante
708 2581 736 2611 ex
746 2569 874 2612 annornm
885 2573 908 2611 11
918 2570 951 2612 11-

42 2652 82 2681 111
98 2638 237 2681 clarissimos
255 2638 354 2681 celebres
372 2643 503 2683 avasemmt.
522 2642 711 2685 Aldobrandinus
729 2643 849 2685 ecclesiam
867 2656 949 2686 novam

42 2712 219 2769 pulcherrimam
229 2723 271 2763 ope
280 2711 462 2755 architectorum
471 2717 572 2757 fratrum
582 2716 643 2759 Sixti
653 2719 676 2759 et
685 2715 775 2758 Ristori
785 2719 950 2758 exstruendam

44 2786 142 2829 curavit.
157 2785 289 2828 0111111366
302 2784 357 2826 aula
370 2785 518 2839 capitularis,
533 2800 590 2840 quae
602 2789 749 2840 postmodum
762 2789 852 2841 capella
865 2791 894 2832 ab
908 2790 949 2831 Hi-

44 2861 125 2913 spanis
134 2860 268 2912 nuncupata
278 2859 321 2911 111,
333 2859 362 2899 ab
373 2859 468 2900 Andrea
479 2862 601 2911 Bonaiuto¹
608 2862 737 2905 notissimis
748 2863 849 2915 picturis
858 2865 890 2905 ad
902 2864 949 2917 glo-

44 2934 103 2976 riam
118 2935 151 2977 SS
167 2931 297 2986 .Dominici,
313 2931 379 2974 Petri
393 2932 515 2986 Martyris,
531 2936 630 2977 Thomas
645 2937 672 2978 de
686 2936 778 2989 Aquino
788 2940 878 2991 ¹ornata
892 2937 946 2978 1111,

44 3009 149 3061 Eugenio
166 3009 200 3050 IV
217 3005 351 3049 Florentiae
369 3006 523 3047 commoranti
541 3011 667 3051 conventus
686 3011 709 3052 S.
731 3011 820 3051 Mariae
839 3010 948 3051 Novellae

43 3081 185 3122 mansionem
195 3079 308 3133 praebuit.
