2188 3178
404 94 406 97 .
432 72 526 107 hlvolutio
540 72 638 114 generalis
701 99 702 102 ,

118 223 120 229 1
171 203 278 242 Durante
293 203 361 241 tanta
377 201 511 242 calamitate
527 203 550 241 ct
565 200 663 241 colluvie
679 198 791 245 miseriae,
800 198 918 251 negotium
934 198 993 251 regi-

87 276 158 328 minis
175 275 332 327 capitulorum
350 275 493 327 generalium
511 274 638 327 tranquille
655 272 774 327 prooessit.
795 272 883 313 Mentio
901 271 993 324 quidem

87 350 214 403 epidemiae
227 350 251 389 in
265 348 409 392 consessibus
423 348 526 402 legiferis
540 347 615 390 obiter
629 348 662 390 fit.
678 349 711 390 At
724 359 751 389 ex
765 347 829 388 statu
843 345 946 398 generali
959 345 992 387 la-

86 424 204 474 befactata
224 423 302 464 ordini
320 422 415 464 inflicta
434 423 530 464 vulnera
549 420 709 474 perspicimus.
731 420 866 473 Capitulum
885 419 992 471 generale
1045 406 1051 417 '¹

87 497 240 549 lugdunense
254 496 309 538 1348
324 498 355 538 ad
369 498 481 538 terrorem
496 498 519 537 et
534 494 692 537 calamitatem
707 494 780 547 pestis
795 493 881 535 alludit
897 491 988 534 dicens:

88 584 99 610 o
110 571 168 613 Oum
180 570 241 611 bona
254 570 407 612 consistentia
420 569 495 611 nostri
508 568 597 610 ordinis
610 568 635 609 in
648 567 754 620 personis
766 567 854 609 idoneis
868 566 990 618 consistat,

86 646 110 685 et
124 645 173 686 Deo
187 644 339 696 permittent-e
353 655 462 685 numerus
476 644 578 683 fratrum
593 643 725 704 nostrorum
740 652 782 693 per
796 651 938 683 communem
954 650 991 691 pe-

86 718 216 760 stilentiam
234 718 306 759 sitin
326 718 422 760 diversis
440 718 546 770 partibus
562 717 695 760 diminutus
711 708 821 770 rogamus
836 719 922 760 fratres
940 717 991 758 uni-

85 803 164 834 versos
178 794 202 833 et
217 793 250 834 eis
264 792 404 845 imponimus
420 793 480 844 quod
494 792 519 832 in
534 792 673 833 attrahendo
689 792 760 834 bonos
775 793 800 833 et
814 793 881 844 aptos
897 790 990 833 iuvenes

86 867 116 908 ad
135 866 240 908 ordinem
255 866 441 908 sollicitudinem
460 866 583 907 exhibeant
602 864 736 918 diligentem
755 867 779 906 et
797 864 941 917 recipiantur
960 866 990 907 ad

86 952 195 992 praesens
207 940 232 981 in
245 940 424 993 quibuscumque
437 940 588 982 conventibus
600 938 703 981 etiamsi
716 938 764 980 sint
777 940 804 980 de
816 938 923 980 terminis
935 937 991 980 alie-

67 997 123 1056 'nis
135 1029 153 1055 u.

143 1090 241 1140 Insuper
251 1074 276 1129 in
287 1089 377 1144 ordinis
386 1090 490 1141 capitulo
500 1090 621 1132 anni1318
632 1090 720 1131 dictum
730 1092 778 1131 est:
793 1103 804 1129 u
815 1090 934 1142 Praecipit
944 1102 999 1137 ma-¹

86 1162 160 1214 gister
180 1162 269 1203 ordinis
290 1162 315 1202 in
336 1163 424 1204 virtute
444 1165 539 1204 sanetae
559 1162 703 1205 obedientiae
724 1162 872 1205 definitorum
893 1162 990 1205 consilio

86 1238 109 1277 et
124 1248 228 1289 assensu,
246 1238 306 1288 quod
322 1237 378 1278 libri
393 1233 495 1278 fratrum
510 1236 669 1279 decedentium
685 1249 727 1289 pro
743 1237 841 1279 libraria
857 1236 927 1279 utiles
943 1249 990 1278 non

86 1312 262 1362 venumdentur,
283 1310 330 1352 nisi
349 1311 480 1352 consimiles
498 1311 524 1351 in
543 1311 658 1352 communi
677 1310 774 1353 libraria
793 1311 923 1352 habeantur
934 1311 975 1351 u¹⁰.

141 1386 177 1425 Ex
188 1383 223 1427 his
235 1384 316 1436 paucis
327 1384 404 1428 verbis
414 1385 523 1426 officialis
534 1384 613 1426 nuntii
624 1385 742 1426 horrorem
753 1384 825 1437 pestis
837 1384 933 1426 auribus
945 1386 990 1425 tre-

85 1459 168 1500 menda
183 1458 275 1511 loquela
289 1458 391 1500 insonat.
408 1458 481 1500 Tristi
495 1459 536 1500 illo
552 1461 654 1511 tempore
669 1458 789 1500 ordinibus
805 1457 990 1499 mendicantibus

85 1532 177 1584 quidem
187 1544 255 1584 saepe
264 1532 343 1585 legata
351 1544 435 1585 magna
444 1532 609 1585 contingebant
620 1533 656 1584 ,ob
666 1543 723 1584 quae
732 1531 819 1573 acriter
828 1543 842 1573 a
853 1530 993 1584 quibusdam*

85 1589 269 1658 carpebantur&
286 1606 468 1648 Moderationem
483 1605 573 1648 ordinis
587 1608 639 1659 post
653 1617 726 1647 annos
741 1605 814 1657 pestis
829 1607 853 1653 et
868 1605 933 1646 litem
947 1604 990 1651 ite-

85 1683 162 1722 ratam
175 1680 203 1721 de
214 1679 345 1733 privilegiis
356 1680 513 1734 praedicandi,
528 1679 683 1722 confessiones
696 1678 806 1721 audiendi
819 1681 842 1720 et
855 1678 988 1731 sepeliendi,

86 1754 274 1796 Mendieantibus
292 1755 413 1804 concessis,
433 1754 547 1801 sustinere
565 1753 644 1795 delmit
662 1755 761 1794 Ioannes
779 1753 806 1794 de
824 1751 990 1793 Molinis13÷19

85 1827 216 1869 Barcinone
235 1828 349 1869 eleotusw.
370 1829 398 1869 In
416 1828 518 1880 epistula
536 1840 563 1870 ex
581 1826 684 1879 capitulo
703 1825 805 1879 generali
823 1825 989 1878 Montispessu-

85 1902 139 1944 lano
151 1903 206 1944 1350
218 1903 282 1955 data,
295 1903 326 1943 ad
338 1905 398 1955 quod
410 1905 496 1956 absque
508 1904 578 1946 dubio
590 1903 810 1946 communicationes
823 1905 850 1944 de
863 1903 954 1945 damnis
966 1905 989 1944 et

85 1975 228 2018 desolatione
241 1988 282 2028 per
295 1977 432 2028 epidemiano
445 1977 548 2020 causatis
562 1978 730 2031 referebantur,
745 1977 856 2030 magister
869 1978 897 2018 de
912 1978 989 2019 atem-

84 2050 148 2102 poris
161 2050 310 2104 malignitate
322 2054 346 2093 et
359 2051 478 2093 imminuti
490 2051 580 2094 ordinis
591 2052 730 2101 necessitate
740 2065 751 2092 a
766 2050 875 2093 scribit1³.
891 2049 989 2092 Provide

84 2125 222 2178 indigentiis
239 2128 345 2178 satagere
363 2126 452 2179 cupivit
470 2128 596 2170 revocando
614 2140 655 2180 per
672 2131 726 2170 acta
743 2128 885 2180 capitularia
902 2130 988 2172 fratres

80 2197 111 2239 ad
120 2199 291 2261 observantiam
299 2200 457 2243 abstinentiae
465 2202 489 2243 et
497 2201 651 2254 paupertatis,
662 2202 749 2243 fratres
758 2203 781 2243 et
790 2211 880 2244 sorores
887 2202 918 2244 ad
927 2203 989 2246 clau-

83 2285 163 2314 suram
179 2274 324 2327 servandam,
342 2277 454 2317 monendo
471 2275 596 2329 magistros
610 2276 740 2329 theologiae
756 2276 786 2317 ad
802 2275 873 2317 vitam
890 2288 988 2319 commu-

84 2358 143 2401 nem,
160 2359 238 2389 omnes
252 2350 283 2390 ad
298 2349 445 2390 concordiam
459 2349 521 2391 inter
535 2362 559 2393 se
574 2351 597 2392 et
611 2362 663 2391 oum
677 2348 843 2402 saecularibus,
859 2353 883 2392 et
897 2353 928 2393 ad
942 2362 988 2393 ces·

86 2421 198 2463 sationem
216 2423 245 2464 ab
263 2421 393 2464 ambiendis
410 2423 543 2465 honoribus.
564 2425 611 2467 Sub
630 2436 656 2467 eo
674 2422 831 2475 multiplicata
849 2426 905 2466 sunt
923 2436 988 2476 prae-

84 2497 152 2547 cepta
175 2496 285 2538 formalia
300 2498 323 2537 et
348 2497 594 2539 excommunicationis
617 2496 784 2538 sentcntiae&
799 2498 831 2539 At
856 2498 918 2540 sicut
942 2509 988 2539 non

85 2568 153 2615 unico
163 2569 212 2611 ictu
223 2570 290 2611 radix
301 2570 395 2617 infirma
405 2571 566 2624 dissipationis
577 2572 675 2613 sanatur
685 2570 720 2611 ita
731 2571 754 2611 et
764 2571 874 2624 magister
886 2572 913 2612 de
925 2571 988 2612 Mou-

83 2642 130 2685 lins
143 2643 253 2684 effectum
264 2655 360 2685 suarum
372 2644 547 2686 ordinationum
559 2656 605 2686 non
617 2643 676 2685 vidit
688 2655 714 2684 eo
724 2643 850 2686 ‘vel'minus
862 2644 923 2697 quod
934 2643 988 2685 1350

84 2715 232 2758 cardinalatu
244 2720 328 2760 auctus
337 2731 349 2760 e
359 2718 493 2771 magisterio
504 2718 593 2760 ordinis
601 2716 711 2774 discessit
724 2718 750 2777 (†
761 2725 780 2759 c.'
792 2718 884 2769 iasar.

141 2790 221 2832 Simon
236 2791 397 2844 lingoniensis
410 2804 476 2843 anno
490 2793 546 2834 1352
561 2793 586 2833 in
603 2792 739 2845 magistrum
756 2795 884 2847 generalem
901 2793 988 2838 eleotus

83 2865 171 2906 famam
189 2863 316 2916 piscatoris
333 2866 451 2907 hominum
469 2866 610 2918 possidebat,
631 2877 698 2917 quam
716 2879 762 2909 non
780 2868 855 2916 solum
874 2879 902 2908 ex
920 2867 988 2910 annis

83 2939 257 2990 professoratus
270 2940 310 2979 sed
324 2940 422 2981 maxime
436 2953 464 2981 ex
478 2941 526 2982 eius
541 2939 652 2992 gubernio
666 2943 689 2983 et
702 2940 875 2994 praedicatione
889 2939 988 2995 acquisi-

82 3015 155 3054 verat.
169 3014 214 3054 Per
226 3024 299 3053 annos
311 3014 338 3053 14
350 3014 426 3054 ordini
438 3013 550 3067 praefuit,
564 3014 634 3055 donec
646 3016 700 3057 1366
712 3015 742 3057 ad
754 3014 913 3067 episcopatum
925 3015 987 3056 Nan-
