2101 3187
350 73 381 106 Ab
393 80 443 106 armo
454 71 498 105 1252
510 72 534 105 ud
546 80 618 104 anunm
631 71 673 104 12111
933 72 957 111 37

52 199 97 240 tuli
108 197 225 250 generalis
239 198 295 238 12111
309 196 385 236 dicere
399 194 486 246 debuit,
502 178 634 245 monemur,
645 195 686 235 sub
702 194 831 237 Hnmberto
846 208 954 249 procura-

55 275 128 313 torem
146 272 294 324 generalem14
312 269 402 310 ordinis
417 269 444 309 in
459 268 525 310 curia
542 270 647 310 ltomana
663 269 799 311 institutum
818 269 897 322 tuisse,
918 270 957 323 qui

52 346 145 398 negotia
162 348 185 387 et
202 356 284 386 causas
301 345 362 395 apud
378 345 467 395 Papam
480 345 613 396 perageret,
633 343 732 395 Insuper
749 344 783 386 bis
801 344 954 385 collaborato-

36 419 115 475 ‘ribus
131 419 155 458 in
172 418 255 459 01110110
267 417 359 458 vordinis
376 417 517 469 capitulares
533 417 658 470 generales,
675 417 772 470 priores,
789 408 951 470 prouinciales,

54 493 149 534 socius15
168 493 202 534 rel
219 491 277 531 socii
294 491 400 543 magistri
418 491 506 532 ordinis
523 490 655 543 specialiter
672 491 821 532 adnumerari
839 491 954 533 videntur.

67 595 68 599 ,
108 564 262 617 Sequentibns
278 565 346 606 annis
361 564 432 605 tuitio
448 567 471 605 et
487 564 605 606 roboratio
622 564 722 605 iuridica
739 565 827 607 ordinis
844 565 954 607 continuo

51 639 166 691 ,processit
180 650 240 679 anno
256 638 361 679 1261110
377 640 390 680 d
405 638 518 680 februarii
533 637 667 690 quaestione
682 639 710 680 de
726 650 781 679 cura
797 650 902 680 sororum
918 651 954 680 or-

53 713 112 754 dinis
121 724 167 763 -per
181 713 291 753 Sanctam
305 713 386 753 Sedem
399 712 516 754 cernitar
529 714 552 753 et
564 711 602 753 die
615 713 628 753 1
640 711 693 753 iulii
707 712 863 754 ecclesiastico
876 713 953 754 officio

52 787 118 834 iuria
139 785 313 838 dispositionem
333 786 440 839 magistri
460 786 584 827 Hnmbcrti
605 787 634 826 ab
654 786 733 827 eadem
753 785 893 827 anctoritate
914 798 954 838 ap-

53 861 178 911 probatam
196 861 223 900 ln
239 859 336 900 concilio
351 860 500 911 imgdnnensi
517 861 542 901 H
557 871 619 900 auno
635 860 689 900 rard
704 860 819 901 celebrato
836 861 914 911 partes
931 863 954 901 et

52 935 127 975 status
147 933 254 974 ordinum
273 933 453 974 Mendicantium
471 934 538 975 ratde
556 933 715 985 agitabantur.
736 935 876 974 Numerosae
893 946 953 975 com-

52 995 178 1047 munitates
195 1006 351 1048 mendicantes
368 1009 422 1059 post
438 1006 561 1048 concilium
578 1007 734 1048 Laterancnse
752 1008 785 1049 IV
803 1009 875 1058 ortae,
895 1020 953 1059 quae

52 1081 140 1122 nullam
158 1081 257 1122 Sanctae
275 1081 339 1123 Sedis
355 1080 553 1122 confirmationem
570 1083 713 1133 meruerunt,
732 1081 913 1133 prohibebantur
931 1084 954 1123 et

52 1156 266 1206 exstinguebantur,
285 1155 338 1195 dum
354 1155 476 1196 ordinibus
492 1154 677 1196 mendicantibus
693 1154 739 1195 rite
755 1155 900 1196 confirmatis
915 1155 952 1196 ius

52 1227 178 1280 recipiendi
191 1228 291 1269 novitios
304 1229 409 1270 ablatum
422 1231 463 1270 est.
481 1242 492 1268 u
503 1229 612 1270 Personis
626 1240 713 1281 qnoque
728 1229 831 1281 ipsorum
845 1229 953 1270 ordinum

52 1302 151 1343 omnimo
170 1302 330 1343 inteulicimns
348 1304 424 1354 quoad
442 1305 564 1344 extraneos
581 1302 763 1354 praedicationis
781 1305 805 1344 et
824 1302 953 1345 audiendae

52 1376 203 1418 confessionis
217 1363 319 1417 officinm
333 1379 376 1417 aut
390 1376 459 1418 etiam
474 1376 625 1428 sepulturam.
643 1377 703 1418 Sane
718 1377 748 1417 ad
762 1376 953 1418 Praedicatorum

52 1452 75 1490 et
87 1450 203 1490 Miuorum
216 1450 315 1502 ordines,
330 1463 387 1502 quos
400 1450 493 1491 evidens
505 1463 532 1491 ex
544 1450 576 1493 eis
591 1450 684 1491 utilitas
697 1451 813 1491 Ecclesiae
827 1451 953 1492 universali

9 1559 24 1575 ,⁵
40 1510 188 1574 ¹proveniens
205 1523 310 1575 perhibet
327 1526 475 1576 approbatos,
495 1527 638 1576 praesentem
656 1536 702 1565 non
720 1524 823 1576 patimur
841 1525 953 1566 constitn-

52 1602 128 1639 tonem
143 1598 242 1639 extendi.
260 1599 366 1640 Oeterum
382 1597 559 1640 Carmelitarnm
573 1588 598 1639 et
614 1598 769 1640 Eremitarum
785 1600 809 1641 S.
826 1599 954 1652 Augustini

52 1671 169 1713 ordines..
182 1672 206 1712 in
216 1674 332 1713 sno-statu
343 1684 435 1713 manere
445 1673 598 1722 concedimus,
611 1673 682 1714 donec
689 1673 722 1713 ‘de
732 1672 788 1724 ipsis
799 1672 872 1714 tuerit
883 1673 953 1714 aliter

52 1746 192 1787 oniinatum.
207 1747 353 1788 Intemiimns
365 1747 477 1799 siquidem
490 1749 538 1788 tam
549 1747 578 1788 de
590 1746 640 1787 illis
648 1758 721 1799 ‘qnam
733 1742 869 1799 de'reliquis
881 1747 953 1789 etiam

52 1831 97 1860 non
109 1820 295 1862 mendicantibus
307 1821 427 1871 ordinibus
437 1822 510 1873 prout
522 1820 652 1861 animarum
665 1820 739 1862 saluti
751 1823 773 1861 01
786 1832 865 1862 eorum
878 1821 950 1863 statui

52 1894 158 1944 expedire
176 1894 300 1935 viderinrns
318 1895 459 1946 providere»
482 1895 510 1947 (c.
529 1895 592 1946 23)1⁸.
614 1895 641 1935 In
660 1906 704 1946 qno
723 1894 843 1936 conciliari
861 1895 952 1937 dec-reto

51 1968 167 2010 ira-tribus
178 1968 381 2010 Praedicatoribus
395 1971 448 2009 ante
461 1981 540 2010 omnes
552 1968 645 2010 ordines
658 1969 814 2010 mendicantes
828 1970 892 2011 locus
905 1970 953 2022 pri-

51 2052 101 2083 mus
111 2042 254 2095 assignatur,
268 2055 332 2095 qnem
343 2055 391 2084 uon
402 2043 493 2095 quidem
505 2042 637 2094 quantitate
648 2045 673 2084 at
683 2043 762 2095 potins
775 2043 888 2095 qualitate
901 2056 952 2085 sno-

49 2127 101 2155 rum
114 2118 268 2158 membrorum
282 2119 407 2158 tennerunt
420 2119 443 2158 et
456 2129 483 2158 ex
497 2128 575 2158 eorum
588 2116 697 2158 claritate
712 2117 764 2158 finis
778 2120 801 2158 et
815 2117 951 2170 mediorum,

51 2190 79 2229 ad
98 2201 164 2240 quem
182 2190 223 2231 alii
241 2191 335 2232 ordines
351 2191 509 2233 mendicantes
528 2192 623 2243 propter
641 2202 698 2242 opus
718 2191 802 2233 salutis
821 2191 952 2233 animarum

51 2264 200 2304 exercendum
214 2265 342 2306 necessario
353 2276 478 2317 assurgere
492 2264 628 2305 debuerunt.
644 2266 675 2305 m
689 2276 769 2306 revera
782 2266 871 2307 iratres
883 2266 952 2307 Prae-

51 2335 166 2377 dicatores
182 2339 205 2378 et
221 2338 323 2380 Minores
339 2342 390 2380 tum
403 2339 432 2379 vin
446 2338 500 2391 ipso
517 2338 614 2380 concilio
632 2339 799 2390 Lugdunensi¹⁹
817 2341 866 2380 tum
878 2338 909 2379 vin
928 2351 952 2381 re

51 2399 143 2451 unionis
157 2410 326 2453 ecclesiasticae
340 2423 392 2453 cuin
407 2412 521 2454 Graecis2⁰
536 2413 617 2454 tantae
631 2412 829 2464 operaepretium
843 2415 866 2454 ct
880 2412 952 2454 actio-

50 2481 87 2522 nis
97 2472 198 2522 nalorem
210 2473 376 2537 exhibuerunt,
387 2488 504 2527 uteorum
518 2486 611 2527 utilitas
620 2486 768 2538 apertissime
780 2488 949 2528 ostenderetur.

57 2564 58 2568 ’
105 2555 131 2597 Si
143 2556 202 2596 ordo
216 2556 240 2596 in
256 2559 352 2600 novitiis
366 2559 505 2612 recipiendis
521 2562 614 2608 strenue
630 2571 718 2611 semper
735 2560 898 2612 dispositiones
914 2562 952 2602 ob-

50 2630 174 2670 servandas
185 2628 315 2682 incure-atr,
328 2635 353 2673 ut
365 2635 389 2674 et
401 2633 474 2685 vigori
485 2645 528 2675 suo
538 2636 560 2674 et
572 2633 649 2674 officio
661 2633 746 2674 salutis
757 2633 887 2675 animarum
894 2617 952 2686 vpro-

50 2704 166 2743 curandae
178 2702 316 2755 provideret,
332 2707 419 2747 Sancta
429 2691 504 2749 'Sedes
516 2718 555 2758 per
568 2707 697 2748 Martinam
711 2708 745 2749 IV
759 2707 794 2749 die
808 2708 835 2749 20
848 2707 952 2750 ianuarii

50 2775 110 2828 1282,
127 2776 152 2816 in
169 2776 231 2817 bulla
248 2789 258 2815 u
270 2778 307 2816 Ad
322 2779 415 2819 tinctus
430 2782 511 2821 uberes
522 2782 553 2820 »22
564 2780 710 2833 exordiente,
728 2781 841 2827 concessit
857 2781 951 2823 Praedi-

50 2849 168 2891 oatoribus
182 2850 318 2890 facultatem
332 2852 484 2902 praedicandi
499 2856 522 2894 et
537 2854 691 2895 confessiones
704 2855 817 2896 audiendi
832 2857 900 2897 cauto
916 2857 951 2896 ta·

50 2930 106 2974 men,
123 2924 184 2974 quod
199 2923 309 2975 magister
323 2925 437 2975 generalis
451 2926 486 2966 nel
503 2927 723 2978 provinciales'cnm
738 2928 897 2971 definitoribus
913 2937 950 2969 ca-

50 2993 118 3059 pituli
133 2996 283 3046 provincialis
297 2996 342 3037 sive
356 2997 472 3039 iratribus
485 2999 573 3041 idoneis
589 3000 648 3042 hanc
662 3002 799 3042 facultatem
814 3001 859 3042 rite
872 3012 949 3042 conce-
