2101 3187
344 50 375 85 'Ab
386 59 437 86 anno
447 49 493 85 1252
503 51 528 84 111
540 59 613 85 annum
625 50 668 85 1291
926 51 953 94 35

46 177 133 220 debuit.
152 176 263 226 Quaestio
280 176 332 216 erat
349 173 376 213 de
393 173 460 223 parte
477 171 556 223 utique
573 172 746 215 notabilissima
762 174 882 218 missionis
889 187 951 230 'apo-

45 250 142 295 stolicae
154 250 252 301 ordinis,
266 258 348 299 nempe
361 245 431 287 libere
444 246 548 298 docendi,
564 246 714 289 defendenda.
731 248 793 290 Huic
806 250 950 292 contentioni

45 339 62 368 a
77 324 263 367 Mendicantibus
278 332 362 362 nomen
378 322 420 372 est,
437 322 464 361 at
480 320 528 362 eius
545 320 643 374 originis
659 333 730 364 causa
747 326 845 375 apparet
861 335 910 366 esse
926 324 951 365 in

46 399 130 451 taedio,
144 411 188 451 qno
200 395 307 448 magistri
319 394 376 437 cleri
388 395 514 436 saecularis
525 395 549 435 in
561 394 715 437 universitate
728 396 856 439 Parisiensi
868 399 950 439 contra

46 473 169 524 magistros
186 482 214 512 ex
231 468 352 510 ordinibus
368 468 550 510 Mendicantium
566 471 631 511 ortos
647 469 729 511 1111111
746 473 817 512 suntss.
836 471 894 513 Gum
911 483 951 512 rex

46 547 176 588 lnidovicns
187 544 217 585 IX
228 543 303 584 crucis
313 544 336 584 et
348 543 430 584 Terrae
441 546 536 584 sanctae
546 555 618 585 causa
628 543 652 584 in
664 544 754 586 oriente
767 545 880 597 (inrasae)
892 556 951 587 ccm-

46 621 188 670 morabatur,
206 617 347 668 professores
362 616 417 658 cleri
431 617 557 658 saecularis
572 616 682 659 maiorem
697 629 761 670 spem
776 630 895 661 successus
909 630 951 659 nu-

46 694 149 736 triebant
167 693 195 731 ut
215 690 372 732 mendicantes
392 691 485 732 ordines
504 693 532 733 ab
551 692 645 733 influxu
665 692 808 734 increscente
826 704 906 734 eorum
925 693 950 733 in

45 767 152 808 doctrina
170 768 194 806 et
212 776 237 805 re
255 764 420 807 universitaria
437 765 584 818 impedirent.
605 765 793 808 Particularibus
810 766 881 809 huius
899 778 950 808 con-

45 840 157 883 tentionis
172 840 215 880 sub
230 840 333 891 1111111111
349 840 376 880 11
391 840 476 881 studiis
491 841 580 891 relatis,
597 840 634 881 bic
650 840 707 882 scire
723 840 796 889 11111,
813 840 949 892 magistrum

46 914 200 961 Humbertum
213 913 290 965 magni
302 913 413 954 momenti
424 913 517 955 litteras
530 916 557 955 de
569 915 614 955 hac
626 926 650 955 re
663 913 791 962 Parisiensi
803 913 950 976 1111111111

46 987 157 1029 direxisse
169 987 272 1028 dicentes
283 988 346 1029 inter
359 987 418 1029 alia:
434 1002 445 1028 o
457 988 518 1029 Sanc
530 988 634 1040 plerique
646 988 754 1041 magistri
766 988 896 1041 theologiae
908 990 951 1030 Pa-

46 1062 116 1103 risius
135 1062 256 1103 doctorum
273 1064 407 1103 nostrorum
424 1062 586 1113 pluralitatem
605 1064 675 1115 atque
692 1062 869 1104 multitudinem
888 1062 951 1104 scho-

46 1135 130 1177 larium
148 1137 171 1182 et
191 1135 309 1177 doctrinae
327 1135 427 1187 gratiam
445 1137 589 1178 aemulantes
608 1136 787 1189 congregatione
804 1137 950 1178 clandestina

8 1197 10 1203 '
43 1210 100 1252 olim
115 1211 227 1263 quaedam
242 1210 322 1264 iniqua
337 1213 434 1266 statuta,
451 1217 506 1254 cunr
519 1216 596 1255 tamen
610 1214 670 1256 nihil
684 1217 780 1267 possent
795 1217 822 1258 11
837 1217 889 1258 iure
904 1219 950 1258 sta-

46 1288 118 1334 tuere,
136 1285 259 1327 ediderunt
274 1285 299 1325 in
315 1288 421 1327 nostrum
437 1298 465 1328 ac
482 1287 583 1329 omnium
600 1288 761 1341 religiosorum
777 1302 870 1332 enorme
886 1302 951 1342 prae-

44 1359 155 1400 iudicium
171 1362 195 1401 et
211 1371 360 1411 gravamen...
377 1361 440 1402 Haec
455 1373 555 1414 pauca...
574 1362 682 1405 duximus
697 1363 837 1415 intimanda,
856 1367 883 1405 ut
899 1377 949 1416 pro-

43 1444 132 1475 cessum
145 1432 204 1474 dicti
216 1433 307 1485 negotii
315 1433 451 1486 aliqualiter
463 1436 627 1487 cognoscentes
640 1448 740 1488 superna
753 1437 840 1489 pietate
853 1439 878 1479 et
890 1450 949 1480 com-

45 1506 152 1568 passione
166 1507 276 1548 commoti
290 1507 354 1560 apud
369 1507 488 1550 Christum
503 1521 530 1551 ac
544 1509 657 1563 virginem
673 1513 772 1552 matrem
787 1511 844 1558 eius,
861 1512 950 1554 ordinis

45 1581 181 1622 advocatam
198 1583 222 1621 et
238 1582 330 1623 beatum
348 1581 495 1624 Dominicum
512 1585 602 1635 patrem
619 1587 725 1626 nostrum
743 1588 767 1626 et
783 1586 950 1628 sanctum-Dei

44 1656 140 1695 Petrum
155 1656 281 1706 martyrem
296 1655 430 1708 gloriosum,
447 1656 514 1698 cuius
529 1658 625 1711 sanguis
640 1644 732 1701 noviter
746 1660 814 1702 iusus
829 1659 861 1701 ad
876 1660 949 1701 Deum

44 1729 106 1769 sicut
121 1728 258 1770 confidimus
272 1741 314 1781 pro
330 1729 410 1771 ordine
425 1742 467 1772 suo
483 1731 568 1773 clamat
583 1744 636 1773 cum
651 1733 675 1773 in
691 1734 734 1775 hoc
749 1734 841 1787 negotio
858 1732 950 1775 diabolo

43 1806 184 1859 procurante
196 1807 265 1848 ruina
276 1808 322 1849 toti
333 1807 411 1849 ordini
422 1810 577 1861 praeparatur
589 1819 668 1859 preces
680 1806 787 1859 precibus
799 1806 948 1849 cumuletis...

42 1885 67 1923 et
84 1884 189 1923 nostram
206 1880 364 1923 innocentiam
381 1881 420 1923 ubi
436 1893 528 1923 necesse
545 1880 652 1923 videritis
669 1883 808 1924 excusantes
825 1881 888 1923 sicut
905 1880 949 1922 viri

44 1956 169 2007 prudentia
186 1955 288 2008 praediti
304 1967 332 1997 ex
349 1955 510 2007 praesentibus
527 1955 650 1997 coniciatis
666 1955 757 2008 aliquid
774 1956 802 1997 11
818 1954 908 1995 tuturis
919 1957 948 1995 114,

43 2032 68 2072 S.
87 2030 185 2071 'thomae
201 2030 229 2070 dc
245 2030 337 2082 Aquino
354 2031 498 2081 opusculum,
516 2030 605 2071 Contra
620 2029 785 2082 impugnantes
800 2029 844 2070 Dei
861 2028 950 2069 cultum

43 2107 66 2145 et
85 2104 305 2156 religionemquod
324 2104 443 2146 occasione
461 2104 602 2145 detensionis
621 2106 702 2145 contra
720 2103 866 2144 aduersarios
886 2102 950 2143 Pari-

44 2178 131 2219 sienses
145 2177 253 2230 coniecit,
270 2178 331 2220 11111
346 2177 432 2233 similia
447 2178 539 2219 Alberti
554 2177 635 2230 Magni
650 2181 673 2219 11
687 2172 809 2219 doctorum
823 2175 950 2218 francisca-

43 2263 126 2292 norum
142 2253 164 2293 8.
182 2253 361 2293 Bonaventurae
375 2254 398 2293 et
412 2252 539 2293 Bertrandi
555 2253 582 2293 11
597 2252 694 2302 Bapona
709 2250 879 2293 consideranda
895 2253 950 2290 sunt

44 2328 161 2377 tamquam
177 2325 267 2377 primae
282 2326 463 2378 monographiae
479 2325 621 2367 scientificae
637 2326 664 2367 11
680 2327 747 2367 statu
764 2325 871 2366 ordinum
889 2324 950 2364 Men-

44 2404 172 2446 dicantium
187 2406 324 2446 tractantes.

84 2478 209 2519 'Precibus
225 2478 326 2519 fratrum
343 2478 373 2519 ad
389 2477 480 2520 felicem
497 2476 685 2529 compositionem
702 2476 754 2520 litis
771 2475 950 2518 universitariae

43 2553 192 2594 obtinendam
210 2550 340 2593 instantiae
358 2552 490 2594 animarum
508 2551 585 2593 ordini
603 2551 950 2593 Praedicatorunirdevotarum

43 2627 207 2679 iungebantur.
230 2626 268 2667 Ita
286 2628 310 2668 et
330 2626 468 2668 venerabilis
489 2625 571 2678 begina
591 2625 725 2675 Mechtildis
745 2624 950 2678 Magdeburgensis

43 2700 147 2743 ordinem
162 2698 307 2743 orationibus
324 2699 401 2741 iuvit⁵.

99 2775 217 2817 Placidior
236 2773 326 2826 quidem
345 2785 413 2825 quam
432 2774 538 2816 extranei
555 2773 697 2815 industriam
716 2773 870 2814 doctrinalem
890 2773 950 2813 ordi-

43 2849 83 2890 nis
95 2849 265 2903 impugnantes,
281 2848 320 2889 sed
334 2859 381 2888 nou
395 2849 482 2901 absque
496 2848 595 2897 tenacia,
612 2847 684 2889 factio
699 2848 811 2900 quaedam
826 2847 890 2888 inter
904 2848 950 2888 ira

44 2931 92 2965 tres
106 2924 168 2976 ipsos
183 2925 265 2965 contra
279 2920 389 2963 eximium
403 2923 478 2963 zelum
492 2922 572 2976 studii,
589 2921 630 2974 qui
644 2923 706 2974 apud
721 2921 800 2973 plures
815 2921 949 2971 eosdemque

43 3009 89 3037 non
111 2998 259 3050 spernendos,
282 3000 308 3038 ut
329 2997 357 3037 B.
381 2996 510 3047 elbertum,
533 2996 683 3038 vincentium
706 2995 900 3040 Bellovacensem,
924 2994 947 3035 S.
