2188 3178
110 71 148 113 150
434 75 481 109 Vita
499 76 518 109 et
536 75 588 108 actio
605 57 680 109 ordinis

108 202 131 240 te
143 200 279 251 profitetur:
298 215 308 240 u
320 200 376 242 licet
388 202 530 254 negligentia
542 205 625 243 nostra
639 206 705 244 tanta
719 202 751 244 sit
766 215 792 243 ao
806 203 879 244 inerit
893 207 919 245 ut
933 216 1011 245 eorum

107 273 205 316 mirifica
216 277 239 315 et
251 274 372 326 praeclara
383 275 431 317 vita
442 275 523 328 paneis
535 277 592 317 nota
603 276 671 317 sitin
682 276 788 318 Ecclesia
799 277 917 318 militante
928 280 956 319 vt.

162 348 290 389 Exordium
304 348 354 400 ipse
370 350 396 391 B.
413 352 528 391 Iordanus
542 350 599 391 teoit
614 352 649 393 De
663 351 739 392 initiis
755 350 842 392 omlinis
858 363 964 394 narrans
982 354 1011 393 In

107 434 151 473 qua
162 421 305 474 expositione
317 435 379 466 anno
390 410 443 466 1233
455 425 562 466 absoluta
574 424 648 465 vitam
660 426 683 467 S.
697 424 816 466 Dominiei'
825 426 947 477 pulchram
958 428 1011 467 iun-

107 496 268 549 dationemque
287 497 376 540 ordinis
395 498 490 539 insertis
509 498 608 538 aliorum
627 494 728 539 fratrum
748 498 920 551 primitivorum
939 500 1011 552 gestis

107 570 198 611 nauis.
222 572 279 612 Post
299 572 468 624 admonitiones
490 571 646 624 capitulorum
666 574 808 625 generalium
830 573 1009 614 liecliolanensis

106 644 161 685 anni
171 646 227 687 1255
237 648 260 687 et
270 637 409 688 Parisiensis
420 646 476 687 anni
487 647 540 687 1256
551 635 621 687 iuxta
630 658 696 698 qtram
708 647 852 700 miraculum,
867 647 933 697 visio,
945 649 1009 688 taeta

105 705 267 761 aedificatoria
282 720 325 760 lide
340 722 369 760 et'
378 720 487 760 memoria
502 721 526 760 in
541 720 622 760 ordine
638 720 706 771 digna
721 722 752 762 ad
768 721 905 773 magistrum
921 721 1010 763 ordinis

107 793 330 846 transmitterentur
354 808 364 833 n
376 797 402 835 ut
421 806 462 846 per
483 794 531 835 eius
552 794 697 847 diligentiam
717 795 849 836 lmiusmodi
869 795 894 835 in
915 795 1009 847 seriptis

106 859 244 920 redigantur
260 868 289 909 ad
306 868 434 909 utilitatem
451 869 585 909 futurorum
596 868 628 920 at,
647 870 695 908 tum
713 869 831 910 Gerardns
850 870 877 910 de
895 869 1009 910 Fraoheto

107 945 155 983 tum
172 942 322 992 provincialis
340 942 476 983 Provinciae
495 945 544 983 tum
562 942 661 983 'ihomas
680 942 888 994 Cantimpratanus
907 944 936 984 ad
953 954 1008 984 suas
1062 988 1064 990 ¹

106 1016 277 1058 lucubrationes
293 1016 417 1057 historiens
441 1028 535 1056 manum
560 1018 725 1068 apposuerunt.
754 1016 798 1057 Ille
823 1016 915 1068 qiiidem
940 1016 1008 1057 Vitas

105 1090 206 1130 fratrum
223 1089 285 1148 eirea
300 1091 355 1131 1253
372 1091 406 1131 vel
422 1091 476 1131 iate
494 1089 641 1141 publicane,
659 1102 709 1130 oum
727 1090 847 1132 voluntate
865 1093 892 1131 ut
910 1090 1008 1130 diversa-

105 1176 155 1204 rum
172 1163 291 1215 regionum
307 1165 394 1205 iratres
411 1167 487 1216 gestas
504 1164 548 1204 sibi
564 1167 633 1205 notas
650 1164 779 1204 miserens.
799 1164 850 1205 Etsi
867 1164 952 1216 pietati
968 1175 1008 1204 an-

105 1242 128 1279 te
148 1238 225 1279 omnia
245 1237 415 1289 inservientes,
431 1237 568 1279 lmiusmodi
590 1238 702 1279 «Vitae»
725 1237 825 1289 quinque
845 1237 953 1289 partibus
974 1237 1007 1278 di·
1045 1269 1047 1274 .

105 1312 203 1352 stinctae
218 1311 411 1363 historiographis
425 1312 599 1364 treceptissinme
614 1314 675 1352 sunt.
693 1325 703 1350 <c
714 1311 783 1352 Vitas
797 1313 899 1352 fratrum
910 1326 920 1350 n
936 1312 1007 1352 Hum-

105 1387 181 1426 b'ertus
198 1386 293 1438 prologo
309 1385 434 1427 comitatus
451 1385 506 1437 eset,
524 1386 693 1426 dumrnomae
710 1384 900 1436 Cantimpratani
917 1387 1007 1426 Bonum

104 1459 233 1508 universale
245 1461 271 1501 de
281 1460 363 1510 apibus
376 1474 386 1498 a
398 1460 545 1500 demandato
556 1462 632 1500 vestro
644 1473 663 1510 v),
675 1459 698 1499 id
709 1461 745 1499 est
756 1458 862 1511 magistri
874 1459 1005 1510 flamberti⁷

104 1533 255 1584 compilatum
276 1546 323 1575 esse
345 1534 455 1574 consae.
480 1533 607 1574 Chronicae
629 1534 687 1573 duae
708 1532 886 1584 antiquissimae
908 1533 1003 1584 ordinis

104 1619 161 1659 qmie
179 1608 209 1648 ad
227 1608 295 1649 'Vitas
314 1595 415 1648 fratrum
433 1608 554 1658 accedunt,
575 1609 682 1648 riuetores
701 1606 736 1647 vel
756 1607 884 1648 Gerardnm
905 1607 932 1646 de
951 1607 1006 1647 rra-

105 1682 170 1722 clieto
190 1682 226 1722 vel
247 1681 383 1733 nitigistrum
403 1682 558 1722 Humbertum
578 1683 620 1721 aaut
641 1681 735 1721 Petrmn
757 1680 871 1720 Ferramli
893 1680 1004 1720 habenda

74 1807 75 1810 Ἴ
160 1756 239 1807 llagni
260 1755 369 1796 momenti
390 1758 444 1796 sunt
465 1766 535 1806 opera
556 1754 669 1806 Stephani
690 1755 716 1795 de
739 1754 861 1805 Salanlrae,
885 1754 924 1804 qui
945 1754 1006 1795 eirea

103 1842 189 1871 annum
206 1816 261 1870 1230
278 1814 382 1870 ordinem
399 1829 518 1880 arnplexus
537 1830 563 1887 (l-
580 1830 644 1880 iret)
662 1830 791 1868 tractatum
809 1828 899 1869 brevem
917 1827 1006 1869 eoncin-

102 1904 167 1944 navit
185 1904 219 1944 De
238 1906 337 1955 qrratuor
355 1902 380 1943 in
398 1903 480 1954 quibus
499 1904 560 1944 Deus
578 1902 770 1943 Praedieatorum
788 1901 892 1941 ordinem
911 1901 1005 1953 iusigni-

103 1978 144 2030 vit,
162 1990 243 2029 nernpe
261 1980 280 2017 L
300 1979 326 2018 de
346 1978 403 2018 bono
420 1990 446 2017 ac
465 1960 559 2017 strenuo
577 1977 643 2024 duce,
662 1977 681 2017 2.
701 1977 727 2016 de
747 1975 846 2028 glorioso
864 1975 964 2025 nomine⁷
983 1977 1003 2016 3

103 2053 131 2093 de
149 2052 239 2093 illustri
258 2052 329 2103 prole,
350 2056 370 2091 1.
392 2051 419 2092 de
438 2050 564 2092 securitate
583 2050 741 2101 professionis.
765 2047 817 2089 iltsi
836 2051 919 2089 auctor
939 2060 1004 2089 suum

102 2117 230 2167 tractatum
245 2127 274 2166 ad
289 2126 356 2165 linem
371 2137 417 2166 non
431 2124 595 2177 perduxeritss,
611 2126 689 2164 tamen
704 2122 826 2174 materiam
840 2124 967 2163 notandam
982 2125 1005 2164 et

103 2212 169 2241 sensu
185 2200 244 2240 satis
259 2199 339 2240 eritico
355 2199 497 2251 compilavit,
514 2210 558 2250 qna
571 2197 717 2250 praeiacente
733 2199 801 2236 utens
815 2198 884 2249 atque
900 2196 1004 2237 eamim-

102 2274 169 2326 pigra
187 2274 306 2315 additione
325 2285 412 2325 angens
431 2272 603 2314 eruditissimus
623 2275 646 2312 et
666 2271 747 2312 sollers
767 2270 900 2311 Bernardus
921 2270 1004 2311 (tilido-

102 2348 139 2390 nis
156 2351 181 2407 11
196 2349 260 2400 1331)
275 2360 316 2399 pro
331 2348 430 2388 historia
445 2346 536 2388 ordinis
549 2347 573 2386 in
587 2345 663 2398 primo
679 2344 770 2385 saeculo
786 2355 839 2385 suae
854 2344 1004 2385 exsistentiae
1028 2350 1033 2358 ·
1056 2388 1058 2392 ,

103 2423 199 2464 solidam
214 2422 403 2463 informationem
418 2420 533 2472 praebuit.
550 2418 702 2472 Componitur
717 2429 775 2468 opus
792 2418 935 2459 definitivum
951 2419 1004 2458 Ber-

102 2497 170 2537 nardi
187 2496 300 2538 Guidonis
317 2495 399 2536 iisdem
415 2495 531 2547 partibus,
549 2506 605 2547 quas
624 2492 756 2544 Stephanus
773 2491 912 2545 incoeperat.
932 2490 1004 2532 Auxit

102 2574 179 2611 autem
193 2571 326 2611 Bernardns
341 2570 384 2610 has
398 2568 553 2621 expositiones
567 2567 674 2608 traetatu
688 2565 784 2617 speciali
800 2579 810 2605 n
822 2567 848 2607 de
862 2553 941 2606 tribus
955 2576 1004 2616 gra-

102 2644 169 2686 dibus
187 2644 344 2695 praelatorum
362 2643 387 2683 in
404 2643 484 2684 ordine
502 2641 692 2682 Praedicatorum
703 2653 722 2692 n,
742 2651 823 2691 nempe
840 2640 867 2681 de
886 2637 1003 2690 magistris

102 2717 256 2771 generalibus,
274 2715 391 2769 prioribus
408 2715 597 2768 provincialibus,
616 2713 733 2765 prioribus
751 2716 912 2755 conventuum.
933 2711 1003 2753 Colle-

101 2792 137 2846 git
157 2791 290 2832 Bernartius
310 2803 399 2844 quoque
418 2792 471 2832 aeta
492 2788 649 2842 capitulorum
669 2787 854 2847 generaliumet
876 2784 1002 2837 provincia-

101 2867 181 2918 rum12,
192 2866 220 2906 de
230 2865 285 2906 viris
295 2865 427 2907 illustribus
437 2863 529 2905 ordinis
537 2864 606 2904 Petro
618 2862 730 2904 (luidonis
743 2863 770 2921 (³5
782 2862 842 2912 1347)
854 2860 1000 2901 tractantem.

101 2941 239 2983 Chronieam
256 2939 343 2980 ordinis
359 2951 373 2980 a
389 2938 514 2980 nativitate
531 2938 553 2978 S.
570 2936 687 2978 Dominici
702 2938 732 2978 ad
748 2947 834 2976 animm
850 2934 905 2975 1333
923 2933 1002 2976 deduc-

100 3020 148 3057 tam
166 3015 299 3066 Galvagnns
317 3014 343 3054 de
361 3014 385 3054 la
400 3014 506 3054 Flamma
523 3010 702 3053 Mediolanensis
719 3008 831 3052 exaravit.
851 3008 877 3049 Si
894 3007 941 3059 ipsi
957 3020 1002 3049 cre-
