2101 3187
418 52 511 86 Ilvolutlo
525 51 624 93 generalis

327 155 328 158 Ἴ
375 181 390 238 i
407 181 443 223 52·
461 179 567 229 Stemma,
576 179 668 222 ordinis.
689 213 691 215 .

101 359 102 363 ,
126 316 172 357 Sub
188 314 278 357 ambitu
294 315 363 356 bilius
379 313 463 367 capitis
480 314 556 371 adhuc
573 316 600 356 de
617 313 738 354 stemmate
755 311 900 354 dominicam
916 314 975 352 trae-

64 389 140 439 tetur‚
157 388 242 440 quippe
258 389 318 441 quod
333 388 359 429 in
375 387 464 430 ambitu
481 387 641 441 chronologico
657 385 728 428 huius
744 385 828 437 capitis
845 387 924 438 aperte
939 385 974 439 ¹hi-

65 462 230 516 storiograpbo
250 462 358 514 occurrit,
379 461 501 514 Liceatquo
521 461 558 502 bic
577 460 734 514 quaestionem
754 460 883 501 stemmatis
903 470 974 511 usque

64 537 98 578 ad
118 537 226 578 moderna
246 549 302 578 aeva
320 536 421 577 breviter
440 536 567 577 illustrare.
590 533 725 577 stemmatis
746 532 809 585 origo
829 533 892 584 apud
912 532 973 585 equi-

19 616 21 619 ’
64 612 104 652 ‘tes
121 611 144 652 et
159 610 253 664 milites,
273 611 312 663 qui
328 613 395 652 scuto
413 612 435 651 et
452 611 519 662 galea
536 609 668 663 specialiter
686 610 775 652 ornatis
792 611 881 663 cogniti
898 613 971 656 erant.

64 684 192 726 invenitur.
216 683 379 725 [territoriales
401 682 487 725 domini
508 675 563 726 suos
584 683 700 726 militares
722 696 830 736 sequaces
852 686 972 726 stemmate

63 757 233 799 distinxerunt.
249 757 333 809 Longis
347 756 416 799 annis
431 757 515 809 elapsis
529 760 581 810 post
596 758 685 799 statum
699 757 811 798 nobilium
826 757 972 798 militarium-

65 843 109 883 que
124 832 241 884 principes
256 831 406 873 ecclesiastici
422 832 460 883 qui
475 832 576 873 dominio
591 831 716 883 temporali
730 834 754 873 et
767 831 899 883 gaudebant
913 833 936 873 et
950 831 969 872 ei

65 905 197 961 prospicere
215 906 250 946 vel
268 904 338 947 armis
357 906 469 947 debebant
487 905 562 947 medio
581 906 673 947 saeculo
691 906 749 946 XIII
767 906 891 946 stemmata
908 916 971 945 assu-

61 972 164 1021 mebant.
181 979 280 1021 Ordines
295 979 384 1031 pariter
398 979 520 1032 militares,
538 991 633 1032 quorum
649 991 706 1021 usus
720 966 838 1021 armorum
852 981 922 1031 atque
936 978 971 1018 in-

9 1056 11 1059 '
64 1052 165 1105 signium
181 1053 316 1104 specialium
333 1064 360 1093 ex
375 1065 453 1095 eorum
469 1053 549 1095 officio
565 1057 589 1095 et
604 1055 669 1095 statu
686 1050 824 1095 defendendi
839 1051 971 1093 christiani·
991 1107 994 1113 ⁵

64 1127 138 1166 tatem
157 1129 180 1167 et
199 1127 318 1178 pugnandi
337 1127 363 1166 in
383 1127 458 1168 hostes
478 1127 579 1167 nominis
598 1125 723 1167 christiani
742 1124 881 1176 explicatur,
902 1125 969 1165 stem-

64 1202 129 1241 mata
142 1201 250 1242 adhibere
265 1201 377 1242 solebant.
395 1201 420 1243 Si
435 1200 532 1253 denique
546 1202 636 1243 saeculo
650 1201 705 1242 XIV
719 1200 780 1252 apud
795 1198 857 1241 cives
871 1201 894 1239 ct
908 1197 970 1250 apud

7 1262 9 1265 ⁵
57 1273 175 1315 :instituta
187 1286 215 1315 ac
228 1274 400 1326 corporationes
414 1274 551 1326 oppidorum
564 1279 587 1316 et
599 1275 722 1316 civitatum
735 1274 891 1327 particularia
903 1277 969 1329 signa

61 1347 198 1390 distinctiva
212 1350 235 1389 et
249 1350 344 1390 ornatus
358 1348 526 1402 deligebantur,
541 1348 658 1401 regulares
672 1349 719 1391 siue
732 1350 925 1391 monasteriorum
939 1351 969 1391 si«

62 1433 89 1462 ve
103 1421 210 1463 ordinum
223 1424 321 1464 excunte
334 1423 410 1464 medio
424 1434 478 1464 aevo
494 1411 616 1464 stemmata
631 1422 677 1464 sibi
691 1424 790 1464 formare
805 1424 876 1465 etiam
891 1435 968 1477 coepe-

19 1489 20 1492 ’
61 1497 125 1537 runt.
141 1496 201 1536 Ilum
215 1499 340 1538 conventus
350 1496 484 1551 monastici,
502 1490 541 1550 qui
555 1497 689 1549 saepissime
703 1495 854 1548 principalem
868 1498 968 1538 auotori-

59 1570 135 1610 tatem
154 1572 177 1612 et
195 1571 315 1622 pugnandi
334 1570 360 1610 in
380 1571 456 1612 hostes
475 1569 577 1612 nominis
597 1568 721 1610 christiani
741 1569 967 1621 explicatu1²‚.stem—

56 1644 125 1696 bant,
139 1642 232 1686 ordines
244 1642 401 1695 mendicantes
414 1656 441 1685 ex
453 1647 565 1696 conceptu
578 1643 613 1685 sui
625 1644 732 1685 instituti
745 1645 773 1685 ab
786 1643 918 1685 huiusmodi
932 1655 966 1684 or-

56 1717 176 1760 namentis
193 1719 315 1760 abhorrere
333 1718 439 1760 debuisse
455 1730 620 1771 praesumeres.
639 1719 679 1758 At
689 1729 731 1771 pro
749 1719 829 1759 decore
846 1717 967 1769 religiosae

55 1790 163 1833 'familiae
181 1792 217 1832 vel
234 1790 280 1843 ipsi
297 1791 400 1845 insignia
418 1793 500 1834 habere
518 1791 650 1843 cupiebant.
670 1776 800 1833 Decorum
818 1791 907 1844 origine
923 1800 967 1832 auc

55 1875 88 1904 ex
103 1866 193 1906 statuto
208 1864 332 1917 capitulari
349 1868 392 1907 aut
406 1878 433 1907 ex
447 1866 592 1908 concessione
606 1865 724 1919 imperiali
738 1866 773 1907 vel
789 1865 910 1922 pontilicis
923 1866 966 1906 aut

55 1949 88 1977 ex
103 1950 146 1980 usu
162 1938 264 1981 alicuius
280 1938 327 1982 sive
344 1939 488 1992 singulorum
505 1941 589 1982 sensim
607 1940 636 1982 ab
653 1934 734 1982 ordine
750 1941 844 1992 recepto
859 1941 966 1981 constare

59 2012 154 2061 potest1.
176 2012 290 2054 Ultimum
318 2013 410 2065 quidem
439 2015 502 2067 apud
532 2015 617 2056 iratres
647 2013 823 2055 Praedicatores
854 2012 964 2054 accidisse

59 2082 157 2126 videtur.
778 2141 780 2145 7

99 2157 134 2197 lix
148 2160 241 2202 saeculo
254 2160 306 2201 XVI
321 2161 380 2203 duae
394 2162 481 2203 turmae
497 2162 624 2204 stemmatis
640 2162 664 2203 in
679 2163 758 2205 ordine
773 2162 962 2218 Praedicatorum

50 2230 160 2285 litigant,
180 2243 278 2284 quarum
296 2234 398 2286 origines
416 2235 503 2277 maiore
520 2235 699 2288 investigatione
718 2236 881 2280 dilucidandae
900 2246 962 2292 sunt,

53 2315 125 2357 quam
139 2305 176 2347 hic
192 2306 243 2349 fieri
257 2311 340 2360 potest.
358 2309 442 2350 Tamen
456 2309 668 2352 animadversiones
685 2310 775 2364 aliquae
790 2312 892 2355 utilitati
907 2325 963 2354 sem-

58 2390 98 2429 per
114 2377 248 2421 inservient.
727 2367 729 2369 ¹
827 2424 829 2427 ,
942 2427 943 2430 ,

61 2464 63 2468 ’
98 2452 210 2494 currente
223 2456 313 2498 saeculo
326 2457 366 2497 XV
378 2459 468 2498 armata
480 2460 581 2510 cappata
594 2458 737 2514 oriebantur,
751 2474 810 2514 quae
821 2466 851 2505 ab
863 2465 963 2519 imagine

50 2538 143 2579 *cappae
164 2526 349 2570 Mendicantium
370 2541 453 2573 nomen
474 2532 581 2581 trahunt.
604 2533 709 2575 Primum
731 2537 817 2578 iratres
840 2537 962 2582 Praedica-

52 2603 118 2642 tores
134 2602 157 2642 et
173 2601 255 2653 postea
271 2602 411 2646 carmelitae
427 2605 531 2658 insignia
546 2606 680 2649 huiusmodi
695 2620 736 2660 per
751 2611 845 2652 modum
862 2614 921 2654 scuti
938 2617 962 2655 et

48 2674 180 2717 attributis
200 2676 392 2718 convenientibus
412 2679 531 2731 disposita
552 2679 598 2722 sive
619 2682 725 2733 perlecta
746 2683 859 2736 delegisse
881 2687 960 2727 dicun-

57 2748 113 2790 tur2.
135 2749 247 2800 Exemplo
267 2747 314 2790 siut
336 2751 459 2794 stemmata
480 2752 652 2799 dominicarum
672 2754 705 2796 in.
717 2758 884 2808 processionali
905 2761 959 2807 anni

55 2818 119 2864 rior
139 2825 163 2866 et
182 2820 359 2865 carmelitarum
379 2827 434 2867 anni
454 2827 528 2869 1499‘2.
551 2828 819 2873 EtLeanderAlberti
838 2832 960 2875 intrante

55 2895 110 2938 libri
126 2898 153 2939 de
169 2897 227 2940 viris
242 2897 374 2939 illustribus
392 2910 451 2942 auno
468 2901 523 2943 1517
539 2901 596 2944 editi
612 2902 728 2955 specimen
744 2906 874 2948 stemmatis
890 2906 960 2948 domi-

51 2969 133 3012 nicani
147 2971 249 3024 exhibet,
268 2971 327 3024 quod
344 2971 369 3011 in
387 2972 487 3024 simplici
505 2978 571 3018 scuto
587 2979 611 3021 et
628 2985 734 3030 campum
750 2978 844 3032 nigrum
861 2981 884 3021 et
900 2991 958 3021 cam-
