2188 3178
74 90 101 130 34
414 93 538 128 constitutio
554 94 649 128 ordinis*

76 205 118 259 sno
133 217 273 269 provinciali
287 217 373 260 electis.
391 220 419 260 In
435 219 534 260 decursu
550 220 662 263 historiae
677 218 765 262 ordinis
780 219 875 266 nonnisi
891 219 995 270 duabus

76 291 166 346 vicibus
180 303 260 344 nempe
274 291 410 334 annis1228
424 295 447 334 01
461 293 516 335 1236
531 294 574 335 1111
588 296 615 336 B.
633 295 733 336 Iordane
748 291 981 346 capitulumnuius-

77 366 140 407 modi
153 366 293 407 celebratum
306 366 361 408 fnit.
377 368 405 413 In
419 366 461 408 illo
475 366 551 419 prima
565 368 668 410 redactio
682 368 876 422 constitutionum
891 368 979 416 ordinis

77 439 203 492 compilata
215 441 259 493 est,
272 440 327 481 dum
338 441 364 482 in
375 441 418 482 hoc
430 440 491 483 idem
504 440 615 494 magister
628 442 742 495 generalis
754 444 809 484 ante
822 428 979 483 visitationem

77 513 210 564 provinciae
227 513 311 556 Terrae
328 516 420 556 sanetae
437 514 607 568 legislationem
624 517 698 557 totam
716 528 787 568 nsque
803 517 836 565 adv
850 514 918 563 illum
935 516 981 556 ter·
1031 518 1034 525 '

77 587 165 628 minum
180 590 312 629 emanatam
327 588 434 630 ordinare
450 588 531 629 voluit.
549 590 578 630 In
593 589 709 643 principio
724 590 771 632 sive
787 590 870 631 maiori
885 601 980 630 numero

78 660 251 713 provinciarum
266 662 313 703 sive
327 662 439 716 magistro
454 661 543 703 ordinis
558 662 603 704 soli
616 665 694 716 petere
709 674 749 705 seu
764 666 867 706 statuere
882 663 981 713 celebra-

78 810 154 850 nerali
168 810 224 851 haec
238 812 342 862 potestas
355 810 448 852 sublata
462 812 505 851 est.
522 811 554 851 Et
569 809 708 864 provinciae,
725 822 783 863 quae
798 810 930 853 huiusmodi
944 821 981 863 ge-

78 883 250 941 neralissimum
267 883 395 936 capitulum
411 883 583 936 desiderabant,
602 884 716 926 rationem
733 896 800 926 suam
817 885 905 938 scripto
922 884 981 926 redi-

79 969 132 1010 gere
150 958 289 1011 debebant³⁸.
307 959 329 999 A
344 957 464 1009 provincia
480 957 617 999 Provinciae
633 969 694 999 anno
711 959 765 1007 1250
783 959 981 1016 generalissimum

78 1019 404 1084 0011111111111111011111011011111·39
417 1043 524 1084 annoque
536 1032 591 1074 1352
604 1032 695 1081 Castris
706 1031 870 1074 denuntiatum
883 1035 919 1074 est
932 1031 982 1074 uni-

79 1105 153 1158 versis
168 1105 301 1159 provinciis,
320 1119 330 1146 u
341 1106 401 1158 quod
417 1106 439 1147 si
453 1105 487 1146 eis
502 1105 619 1147 videbitur
634 1106 659 1146 in
675 1105 780 1157 sequenti
796 1106 901 1158 capitulo
917 1118 982 1159 gene-

79 1179 133 1233 rali,
149 1181 232 1232 petant
246 1168 374 1232 capitulum
388 1179 588 1231 generalissimum
603 1179 714 1221 celebrari
728 1181 751 1219 et
766 1180 886 1232 assignent
900 1191 982 1221 causas

79 1254 166 1295 adhoc
179 1252 351 1295 rationabiliter
363 1253 500 1296 inducentes
512 1255 583 1306 prout
596 1253 684 1295 ordinis
697 1253 868 1304 conservationi
881 1253 983 1295 viderint

79 1327 188 1379 expedire
198 1329 237 1368 140,
250 1329 285 1383 At
298 1339 350 1368 cum
363 1327 406 1369 hac
420 1327 598 1368 denuntiatione
612 1339 648 1368 res
662 1330 718 1368 tunc
732 1327 852 1379 remansit,
868 1327 929 1368 sicut
943 1339 983 1378 pa-

80 1401 138 1442 riter
152 1412 213 1442 anno
227 1401 308 1443 142641.

269 1552 284 1610 fi
300 1552 334 1595 19,
351 1551 485 1594 Provinciae
501 1566 622 1610 earumque
638 1552 809 1594 administratio.

136 1683 273 1725 Provinciae
286 1683 373 1726 ordinis
387 1684 578 1725 Praedicatorum
593 1685 648 1725 sunt
661 1683 815 1725 adunationes
830 1685 984 1725 conventuum

81 1756 185 1812 plurium
207 1743 548 1813 subunaadministratione,
563 1744 702 1810 particulari
722 1757 809 1809 prioris
831 1756 999 1811 provincialis·

82 1831 208 1872 datorum1.
223 1831 251 1872 In
264 1819 367 1882 capitulo
379 1830 483 1883 generali
495 1843 556 1872 anno
570 1832 624 1872 1221
638 1832 738 1873 Iordane
752 1832 779 1873 dc
791 1830 896 1873 -Saxonia
912 1843 923 1870 «
933 1830 985 1871 offi-

81 1904 143 1945 cium
159 1904 279 1955 prioratus
295 1916 364 1956 super
380 1904 523 1956 provinciam
540 1905 691 1952 Lombardiae
701 1918 713 1944 ›>
730 1903 865 1956 impositum
883 1905 936 1956 est2,
955 1903 985 1944 si-

81 1971 121 2019 out
134 1980 158 2019 et
171 1967 213 2019 alii
226 1978 358 2020 huiusmodi
371 1978 526 2030 provinciales
539 1990 580 2030 per
594 1978 775 2030 designationem
789 1977 984 2037 instituebantur..

82 2054 111 2093 ln
124 2052 332 2104 constitutionibus
344 2052 400 2093 anni
413 2053 469 2093 1228
482 2064 558 2094 sermo
570 2054 606 2093 est
619 2053 646 2093 de
659 2051 736 2104 priore
749 2049 889 2103 provinciali
902 2036 937 2092 vel
950 2062 985 2092 re-

82 2136 187 2178 gnorum,
207 2125 245 2178 qui
261 2125 287 2166 in
303 2137 346 2167 sua
361 2125 483 2179 provincia
499 2127 535 2167 vel
552 2137 622 2178 regno
639 2126 778 2178 potestatem
796 2124 898 2165 eamdem
915 2123 984 2165 habet

83 2211 151 2251 quam
163 2190 273 2251 magister
284 2199 372 2241 ordinis
384 2200 410 2239 in
422 2199 511 2252 ordine,
525 2201 548 2240 et
561 2200 639 2241 eadem
651 2198 725 2251 priori
737 2196 870 2250 provinciae
882 2208 985 2239 reveren-

82 2273 118 2314 tia
134 2285 148 2314 a
164 2263 264 2315 subditis
281 2273 506 2325 «provincialibus»
524 2273 645 2314 exhibetur
662 2284 719 2323 quae
736 2270 847 2323 magistro
865 2271 982 2324 competit,

83 2346 130 2387 nisi
151 2346 262 2399 magister
282 2358 390 2399 praesens
411 2346 548 2388 exstiterit³.
572 2334 633 2387 Usus
654 2333 870 2386 curiae'Romanae
891 2344 983 2386 nomine

83 2411 170 2472 prioris
187 2420 276 2469 ordinis
292 2420 383 2473 saepius
400 2432 473 2462 unum
490 2410 656 2472 provincialem
673 2418 769 2471 ordinis,
789 2421 815 2460 ut
833 2404 985 2460 Lombardiae

83 2495 119 2535 vel
133 2494 253 2547 luendae,
268 2496 352 2537 vocati

140 2568 255 2619 Competit
268 2580 321 2621 ergo
334 2568 407 2620 priori
420 2566 560 2621 provinciali
574 2566 684 2607 ditionem
698 2577 762 2607 suam
776 2566 892 2608 moderari
905 2564 986 2606 habito

84 2644 191 2693 respectu
206 2643 237 2682 ad
252 2642 341 2690 ordinis
355 2641 494 2694 magistrum
510 2643 534 2681 et
549 2640 580 2681 ad
595 2638 684 2691 priores
700 2640 870 2692 conventuales,
889 2649 986 2690 quorum
1024 2663 1025 2666 =

84 2707 164 2765 officia
180 2716 281 2767 periente
298 2716 364 2756 debet
381 2725 518 2767 cognoscere
536 2716 559 2754 et
576 2713 662 2765 iuvare,
682 2715 708 2754 ut
725 2715 783 2754 bono
801 2711 934 2767 provinciae
951 2710 987 2751 iu·
1032 2757 1034 2760 .

84 2790 170 2831 retur-⁵.

140 2862 218 2904 Priori
231 2862 367 2914 provinciali
380 2862 510 2903 curandum
525 2863 566 2913 est,
582 2863 608 2901 111
622 2864 745 2903 coriveutus
759 2864 830 2902 bonos
844 2859 933 2911 priores
947 2860 984 2900 lia-

84 2940 161 2981 1100111.
179 2937 226 2979 Eos
240 2935 361 2978 confirmat
376 2938 400 2977 et
414 2946 485 2987 super
500 2935 647 2975 confirmatos
661 2935 774 2988 invigilet.
792 2934 861 2976 Circa
876 2933 985 2989 receptio-

83 3026 135 3055 nem
149 3010 327 3053 candidatorum
340 3009 451 3061 speciales
465 2998 648 3060 dispensationes
661 3021 765 3051 exercere
778 3009 856 3059 potest
869 3009 893 3048 01
906 3008 987 3048 iratri-
