<?xml version="1.0" encoding="UTF-8"?>
<!DOCTYPE html PUBLIC "-//W3C//DTD XHTML 1.0 Transitional//EN"
    "http://www.w3.org/TR/xhtml1/DTD/xhtml1-transitional.dtd">
<html xmlns="http://www.w3.org/1999/xhtml" xml:lang="en" lang="en">
 <head>
  <title>
</title>
<meta http-equiv="Content-Type" content="text/html;charset=utf-8" />
  <meta name='ocr-system' content='tesseract 3.04.00' />
  <meta name='ocr-capabilities' content='ocr_page ocr_carea ocr_par ocr_line ocrx_word'/>
</head>
<body>
  <div class='ocr_page' id='page_1' title='image "MN5081ucmf_3_0295.png"; bbox 0 0 2188 3178; ppageno 0'>
   <div class='ocr_carea' id='block_1_1' title="bbox 82 83 661 123">
    <p class='ocr_par' dir='ltr' id='par_1_1' title="bbox 82 83 661 123">
     <span class='ocr_line' id='line_1_1' title="bbox 82 83 661 123; baseline -0.002 -3"><span class='ocrx_word' id='word_1_1' title='bbox 82 84 122 123; x_wconf 83' lang='grc'>268</span> <span class='ocrx_word' id='word_1_2' title='bbox 406 83 530 118; x_wconf 81' lang='lat' dir='ltr'>Deformatio</span> <span class='ocrx_word' id='word_1_3' title='bbox 543 85 661 119; x_wconf 83' lang='lat' dir='ltr'>continuata</span> 
     </span>
    </p>
   </div>
   <div class='ocr_carea' id='block_1_2' title="bbox 79 211 988 413">
    <p class='ocr_par' dir='ltr' id='par_1_2' title="bbox 79 211 988 413">
     <span class='ocr_line' id='line_1_2' title="bbox 79 211 988 266; baseline 0.002 -14"><span class='ocrx_word' id='word_1_4' title='bbox 79 211 206 254; x_wconf 88' lang='lat' dir='ltr'>cumveniri</span> <span class='ocrx_word' id='word_1_5' title='bbox 219 212 304 265; x_wconf 75' lang='lat' dir='ltr'>potuit,</span> <span class='ocrx_word' id='word_1_6' title='bbox 320 215 391 265; x_wconf 87' lang='lat' dir='ltr'>prout</span> <span class='ocrx_word' id='word_1_7' title='bbox 405 224 432 254; x_wconf 78' lang='lat' dir='ltr'>ex</span> <span class='ocrx_word' id='word_1_8' title='bbox 446 212 589 264; x_wconf 79' lang='lat' dir='ltr'>depositione</span> <span class='ocrx_word' id='word_1_9' title='bbox 604 214 702 255; x_wconf 89' lang='lat' dir='ltr'>duorum</span> <span class='ocrx_word' id='word_1_10' title='bbox 716 211 880 264; x_wconf 83' lang='lat' dir='ltr'>magistrorum</span> <span class='ocrx_word' id='word_1_11' title='bbox 894 224 988 266; x_wconf 84' lang='lat' dir='ltr'>genera·</span> 
     </span>
     <span class='ocr_line' id='line_1_3' title="bbox 80 272 986 330; baseline 0.001 -4"><span class='ocrx_word' id='word_1_12' title='bbox 80 286 138 327; x_wconf 88' lang='lat' dir='ltr'>lium</span> <span class='ocrx_word' id='word_1_13' title='bbox 157 272 218 328; x_wconf 66' lang='lat' dir='ltr'>Sinti</span> <span class='ocrx_word' id='word_1_14' title='bbox 234 286 305 328; x_wconf 85' lang='lat' dir='ltr'>Fabri</span> <span class='ocrx_word' id='word_1_15' title='bbox 322 289 345 328; x_wconf 88' lang='lat' dir='ltr'>et</span> <span class='ocrx_word' id='word_1_16' title='bbox 363 287 454 329; x_wconf 82' lang='lat' dir='ltr'>Nicolai</span> <span class='ocrx_word' id='word_1_17' title='bbox 471 286 555 328; x_wconf 82' lang='lat' dir='ltr'>Ridolfi</span> <span class='ocrx_word' id='word_1_18' title='bbox 573 290 639 330; x_wconf 86' lang='lat' dir='ltr'>intra</span> <span class='ocrx_word' id='word_1_19' title='bbox 654 300 727 330; x_wconf 88' lang='lat' dir='ltr'>annos</span> <span class='ocrx_word' id='word_1_20' title='bbox 745 286 817 328; x_wconf 76' lang='grc'><strong>5111</strong></span> <span class='ocrx_word' id='word_1_21' title='bbox 834 286 986 328; x_wconf 87' lang='lat' dir='ltr'>machinatio-</span> 
     </span>
     <span class='ocr_line' id='line_1_4' title="bbox 81 360 501 413; baseline 0.002 -12"><span class='ocrx_word' id='word_1_22' title='bbox 81 372 121 401; x_wconf 88' lang='lat' dir='ltr'>nes</span> <span class='ocrx_word' id='word_1_23' title='bbox 139 360 288 412; x_wconf 86' lang='lat' dir='ltr'>quorumdam</span> <span class='ocrx_word' id='word_1_24' title='bbox 304 361 382 402; x_wconf 86' lang='lat' dir='ltr'>iactas</span> <span class='ocrx_word' id='word_1_25' title='bbox 398 364 501 413; x_wconf 84' lang='lat' dir='ltr'>apparet.</span> 
     </span>
    </p>
   </div>
   <div class='ocr_carea' id='block_1_3' title="bbox 272 510 809 572">
    <p class='ocr_par' dir='ltr' id='par_1_3' title="bbox 272 510 809 572">
     <span class='ocr_line' id='line_1_5' title="bbox 272 510 809 572; baseline 0 -19"><span class='ocrx_word' id='word_1_26' title='bbox 272 510 286 568; x_wconf 64' lang='grc' dir='ltr'><strong>ξ</strong></span> <span class='ocrx_word' id='word_1_27' title='bbox 303 511 339 555; x_wconf 85' lang='grc'>53,</span> <span class='ocrx_word' id='word_1_28' title='bbox 358 512 483 555; x_wconf 79' lang='lat' dir='ltr'>industriae</span> <span class='ocrx_word' id='word_1_29' title='bbox 497 512 664 557; x_wconf 79' lang='lat' dir='ltr'>reformationis</span> <span class='ocrx_word' id='word_1_30' title='bbox 680 521 809 572; x_wconf 83' lang='lat' dir='ltr'>protractae.</span> 
     </span>
    </p>
   </div>
   <div class='ocr_carea' id='block_1_4' title="bbox 7 637 1021 3067">
    <p class='ocr_par' dir='ltr' id='par_1_4' title="bbox 47 637 985 1806">
     <span class='ocr_line' id='line_1_6' title="bbox 133 637 985 702; baseline 0.009 -19"><span class='ocrx_word' id='word_1_31' title='bbox 133 643 159 684; x_wconf 80' lang='lat' dir='ltr'>si</span> <span class='ocrx_word' id='word_1_32' title='bbox 172 643 246 685; x_wconf 90' lang='lat' dir='ltr'>denuo</span> <span class='ocrx_word' id='word_1_33' title='bbox 260 646 288 686; x_wconf 89' lang='lat' dir='ltr'>de</span> <span class='ocrx_word' id='word_1_34' title='bbox 301 646 461 687; x_wconf 85' lang='lat' dir='ltr'>observantiae</span> <span class='ocrx_word' id='word_1_35' title='bbox 474 646 608 698; x_wconf 74' lang='lat' dir='ltr'>quaestione</span> <span class='ocrx_word' id='word_1_36' title='bbox 621 660 647 690; x_wconf 85' lang='lat' dir='ltr'>ac</span> <span class='ocrx_word' id='word_1_37' title='bbox 662 650 726 690; x_wconf 86' lang='lat' dir='ltr'>cultu</span> <span class='ocrx_word' id='word_1_38' title='bbox 740 637 834 702; x_wconf 86' lang='lat' dir='ltr'>speciali</span> <span class='ocrx_word' id='word_1_39' title='bbox 848 662 910 690; x_wconf 89' lang='lat' dir='ltr'>nunc</span> <span class='ocrx_word' id='word_1_40' title='bbox 924 653 985 691; x_wconf 88' lang='lat' dir='ltr'>trac-</span> 
     </span>
     <span class='ocr_line' id='line_1_7' title="bbox 77 716 984 777; baseline 0.01 -21"><span class='ocrx_word' id='word_1_41' title='bbox 77 717 175 758; x_wconf 88' lang='lat' dir='ltr'>tandum</span> <span class='ocrx_word' id='word_1_42' title='bbox 193 720 236 770; x_wconf 89' lang='lat' dir='ltr'>est,</span> <span class='ocrx_word' id='word_1_43' title='bbox 256 720 318 760; x_wconf 88' lang='lat' dir='ltr'>ratio</span> <span class='ocrx_word' id='word_1_44' title='bbox 336 716 363 760; x_wconf 75' lang='grc'>11</span> <span class='ocrx_word' id='word_1_45' title='bbox 382 720 564 762; x_wconf 79' lang='lat' dir='ltr'>circumstantiis</span> <span class='ocrx_word' id='word_1_46' title='bbox 582 722 764 773; x_wconf 69' lang='lat' dir='ltr'>particularibus</span> <span class='ocrx_word' id='word_1_47' title='bbox 783 723 905 777; x_wconf 81' lang='lat' dir='ltr'>repetitur,</span> <span class='ocrx_word' id='word_1_48' title='bbox 926 736 984 776; x_wconf 88' lang='lat' dir='ltr'>quae</span> 
     </span>
     <span class='ocr_line' id='line_1_8' title="bbox 77 792 983 850; baseline 0.009 -20"><span class='ocrx_word' id='word_1_49' title='bbox 77 792 101 831; x_wconf 90' lang='lat' dir='ltr'>et</span> <span class='ocrx_word' id='word_1_50' title='bbox 121 792 288 843; x_wconf 76' lang='lat' dir='ltr'>promotionem</span> <span class='ocrx_word' id='word_1_51' title='bbox 308 792 468 835; x_wconf 69' lang='lat' dir='ltr'>observantiae</span> <span class='ocrx_word' id='word_1_52' title='bbox 488 795 584 835; x_wconf 82' lang='lat' dir='ltr'>arduam</span> <span class='ocrx_word' id='word_1_53' title='bbox 605 808 653 836; x_wconf 85' lang='lat' dir='ltr'>rem</span> <span class='ocrx_word' id='word_1_54' title='bbox 674 797 746 839; x_wconf 84' lang='lat' dir='ltr'>luisse</span> <span class='ocrx_word' id='word_1_55' title='bbox 766 801 789 839; x_wconf 88' lang='lat' dir='ltr'>et</span> <span class='ocrx_word' id='word_1_56' title='bbox 809 800 910 850; x_wconf 83' lang='lat' dir='ltr'>systema</span> <span class='ocrx_word' id='word_1_57' title='bbox 931 810 983 839; x_wconf 89' lang='lat' dir='ltr'>con-</span> 
     </span>
     <span class='ocr_line' id='line_1_9' title="bbox 79 865 982 920; baseline 0.004 -10"><span class='ocrx_word' id='word_1_58' title='bbox 79 865 241 919; x_wconf 71' lang='lat' dir='ltr'>gregationum</span> <span class='ocrx_word' id='word_1_59' title='bbox 263 867 423 909; x_wconf 76' lang='lat' dir='ltr'>observantiae</span> <span class='ocrx_word' id='word_1_60' title='bbox 443 868 609 920; x_wconf 89' lang='lat' dir='ltr'>deputatarum</span> <span class='ocrx_word' id='word_1_61' title='bbox 631 870 717 912; x_wconf 88' lang='lat' dir='ltr'>iterum</span> <span class='ocrx_word' id='word_1_62' title='bbox 738 872 884 913; x_wconf 87' lang='lat' dir='ltr'>introductas</span> <span class='ocrx_word' id='word_1_63' title='bbox 907 874 982 913; x_wconf 87' lang='lat' dir='ltr'>osten-</span> 
     </span>
     <span class='ocr_line' id='line_1_10' title="bbox 77 939 983 999; baseline 0.008 -20"><span class='ocrx_word' id='word_1_64' title='bbox 77 939 144 981; x_wconf 84' lang='lat' dir='ltr'>dunt.</span> <span class='ocrx_word' id='word_1_65' title='bbox 163 940 216 982; x_wconf 83' lang='lat' dir='ltr'>Etsi</span> <span class='ocrx_word' id='word_1_66' title='bbox 233 941 342 983; x_wconf 86' lang='lat' dir='ltr'>continuo</span> <span class='ocrx_word' id='word_1_67' title='bbox 359 941 492 995; x_wconf 82' lang='lat' dir='ltr'>pluriesque</span> <span class='ocrx_word' id='word_1_68' title='bbox 508 943 564 985; x_wconf 90' lang='lat' dir='ltr'>ordo</span> <span class='ocrx_word' id='word_1_69' title='bbox 581 943 697 999; x_wconf 73' lang='lat' dir='ltr'>vigilavit,</span> <span class='ocrx_word' id='word_1_70' title='bbox 715 958 744 988; x_wconf 92' lang='lat' dir='ltr'>ne</span> <span class='ocrx_word' id='word_1_71' title='bbox 760 947 801 988; x_wconf 86' lang='lat' dir='ltr'>sub</span> <span class='ocrx_word' id='word_1_72' title='bbox 819 945 894 997; x_wconf 89' lang='lat' dir='ltr'>specie</span> <span class='ocrx_word' id='word_1_73' title='bbox 911 946 983 986; x_wconf 86' lang='lat' dir='ltr'>reior-</span> 
     </span>
     <span class='ocr_line' id='line_1_11' title="bbox 47 1009 983 1075; baseline 0.002 -18"><span class='ocrx_word' id='word_1_74' title='bbox 47 1054 49 1057; x_wconf 90' lang='lat'>.</span> <span class='ocrx_word' id='word_1_75' title='bbox 78 1014 189 1057; x_wconf 78' lang='lat' dir='ltr'>metionis</span> <span class='ocrx_word' id='word_1_76' title='bbox 209 1009 321 1068; x_wconf 76' lang='lat' dir='ltr'>regularis</span> <span class='ocrx_word' id='word_1_77' title='bbox 343 1015 427 1057; x_wconf 84' lang='lat' dir='ltr'>divisio</span> <span class='ocrx_word' id='word_1_78' title='bbox 447 1018 547 1058; x_wconf 77' lang='lat' dir='ltr'>fratrum</span> <span class='ocrx_word' id='word_1_79' title='bbox 567 1017 689 1070; x_wconf 59' lang='lat' dir='ltr'>oriretur,</span> <span class='ocrx_word' id='word_1_80' title='bbox 702 1020 850 1075; x_wconf 78' lang='lat' dir='ltr'>agitationes</span> <span class='ocrx_word' id='word_1_81' title='bbox 871 1019 983 1070; x_wconf 87' lang='lat' dir='ltr'>quaedam</span> 
     </span>
     <span class='ocr_line' id='line_1_12' title="bbox 75 1087 985 1146; baseline 0.007 -18"><span class='ocrx_word' id='word_1_82' title='bbox 75 1087 101 1129; x_wconf 93' lang='lat' dir='ltr'>in</span> <span class='ocrx_word' id='word_1_83' title='bbox 117 1088 160 1130; x_wconf 88' lang='lat' dir='ltr'>hac</span> <span class='ocrx_word' id='word_1_84' title='bbox 175 1102 200 1132; x_wconf 88' lang='lat' dir='ltr'>re</span> <span class='ocrx_word' id='word_1_85' title='bbox 215 1088 330 1131; x_wconf 85' lang='lat' dir='ltr'>eliminari</span> <span class='ocrx_word' id='word_1_86' title='bbox 346 1102 393 1131; x_wconf 89' lang='lat' dir='ltr'>non</span> <span class='ocrx_word' id='word_1_87' title='bbox 409 1092 541 1142; x_wconf 86' lang='lat' dir='ltr'>potuerunt.</span> <span class='ocrx_word' id='word_1_88' title='bbox 560 1091 670 1144; x_wconf 76' lang='lat' dir='ltr'>Magistri</span> <span class='ocrx_word' id='word_1_89' title='bbox 686 1095 802 1146; x_wconf 72' lang='lat' dir='ltr'>generales</span> <span class='ocrx_word' id='word_1_90' title='bbox 819 1106 896 1134; x_wconf 88' lang='lat' dir='ltr'>omnes</span> <span class='ocrx_word' id='word_1_91' title='bbox 913 1093 985 1134; x_wconf 84' lang='grc'><strong>11111111·</strong></span> 
     </span>
     <span class='ocr_line' id='line_1_13' title="bbox 76 1163 982 1221; baseline 0.001 -17"><span class='ocrx_word' id='word_1_92' title='bbox 76 1163 180 1215; x_wconf 69' lang='lat' dir='ltr'>periodi,⁴</span> <span class='ocrx_word' id='word_1_93' title='bbox 194 1165 236 1205; x_wconf 91' lang='lat' dir='ltr'>sub</span> <span class='ocrx_word' id='word_1_94' title='bbox 256 1163 356 1206; x_wconf 86' lang='lat' dir='ltr'>arctiore</span> <span class='ocrx_word' id='word_1_95' title='bbox 376 1164 501 1217; x_wconf 85' lang='lat' dir='ltr'>disciplina</span> <span class='ocrx_word' id='word_1_96' title='bbox 519 1165 570 1209; x_wconf 87' lang='lat' dir='ltr'>nati</span> <span class='ocrx_word' id='word_1_97' title='bbox 589 1168 660 1218; x_wconf 86' lang='lat' dir='ltr'>atque</span> <span class='ocrx_word' id='word_1_98' title='bbox 680 1167 784 1221; x_wconf 82' lang='lat' dir='ltr'>enutriti,</span> <span class='ocrx_word' id='word_1_99' title='bbox 806 1166 982 1219; x_wconf 72' lang='lat' dir='ltr'>propensionem</span> 
     </span>
     <span class='ocr_line' id='line_1_14' title="bbox 75 1237 982 1293; baseline 0.003 -16"><span class='ocrx_word' id='word_1_100' title='bbox 75 1237 165 1279; x_wconf 89' lang='lat' dir='ltr'>ordinis</span> <span class='ocrx_word' id='word_1_101' title='bbox 181 1237 275 1285; x_wconf 84' lang='lat' dir='ltr'>indubie</span> <span class='ocrx_word' id='word_1_102' title='bbox 291 1239 321 1279; x_wconf 89' lang='lat' dir='ltr'>ad</span> <span class='ocrx_word' id='word_1_103' title='bbox 337 1239 500 1281; x_wconf 88' lang='lat' dir='ltr'>custodiendos</span> <span class='ocrx_word' id='word_1_104' title='bbox 517 1241 784 1293; x_wconf 61' lang='grc'><strong>11111111111-1111111</strong></span> <span class='ocrx_word' id='word_1_105' title='bbox 801 1240 982 1292; x_wconf 79' lang='lat' dir='ltr'>moresreligio-</span> 
     </span>
     <span class='ocr_line' id='line_1_15' title="bbox 75 1299 980 1366; baseline 0.002 -14"><span class='ocrx_word' id='word_1_106' title='bbox 75 1323 112 1352; x_wconf 90' lang='lat' dir='ltr'>sos</span> <span class='ocrx_word' id='word_1_107' title='bbox 131 1312 305 1366; x_wconf 71' lang='lat' dir='ltr'>compellebant,</span> <span class='ocrx_word' id='word_1_108' title='bbox 324 1312 445 1354; x_wconf 89' lang='lat' dir='ltr'>adiutores</span> <span class='ocrx_word' id='word_1_109' title='bbox 464 1325 517 1355; x_wconf 87' lang='lat' dir='ltr'>suos</span> <span class='ocrx_word' id='word_1_110' title='bbox 535 1326 562 1354; x_wconf 77' lang='lat' dir='ltr'>ex</span> <span class='ocrx_word' id='word_1_111' title='bbox 580 1299 696 1357; x_wconf 85' lang='lat' dir='ltr'>iratribus</span> <span class='ocrx_word' id='word_1_112' title='bbox 715 1313 926 1357; x_wconf 84' lang='lat' dir='ltr'>observantioribus</span> <span class='ocrx_word' id='word_1_113' title='bbox 945 1325 980 1354; x_wconf 86' lang='lat' dir='ltr'>su-</span> 
     </span>
     <span class='ocr_line' id='line_1_16' title="bbox 74 1386 981 1442; baseline 0 -16"><span class='ocrx_word' id='word_1_114' title='bbox 74 1387 156 1427; x_wconf 88' lang='lat' dir='ltr'>mendo</span> <span class='ocrx_word' id='word_1_115' title='bbox 174 1397 192 1428; x_wconf 88' lang='lat' dir='ltr'>e.</span> <span class='ocrx_word' id='word_1_116' title='bbox 210 1388 354 1439; x_wconf 58' lang='grc'><strong>1111111111</strong></span> <span class='ocrx_word' id='word_1_117' title='bbox 372 1388 399 1428; x_wconf 90' lang='lat' dir='ltr'>de</span> <span class='ocrx_word' id='word_1_118' title='bbox 416 1386 561 1442; x_wconf 75' lang='lat' dir='ltr'>Marcenisio,</span> <span class='ocrx_word' id='word_1_119' title='bbox 580 1389 676 1430; x_wconf 90' lang='lat' dir='ltr'>Petrum</span> <span class='ocrx_word' id='word_1_120' title='bbox 693 1388 807 1429; x_wconf 73' lang='grc'><strong>(1111111111.</strong></span> <span class='ocrx_word' id='word_1_121' title='bbox 826 1389 902 1439; x_wconf 82' lang='lat' dir='ltr'>Atque</span> <span class='ocrx_word' id='word_1_122' title='bbox 920 1387 981 1438; x_wconf 87' lang='lat' dir='ltr'>capi-</span> 
     </span>
     <span class='ocr_line' id='line_1_17' title="bbox 74 1459 980 1512; baseline -0.001 -13"><span class='ocrx_word' id='word_1_123' title='bbox 74 1460 126 1500; x_wconf 89' lang='lat' dir='ltr'>tula</span> <span class='ocrx_word' id='word_1_124' title='bbox 142 1459 259 1512; x_wconf 78' lang='lat' dir='ltr'>generalia</span> <span class='ocrx_word' id='word_1_125' title='bbox 276 1462 343 1501; x_wconf 90' lang='lat' dir='ltr'>modo</span> <span class='ocrx_word' id='word_1_126' title='bbox 361 1463 384 1500; x_wconf 88' lang='grc'>11</span> <span class='ocrx_word' id='word_1_127' title='bbox 401 1460 594 1512; x_wconf 81' lang='lat' dir='ltr'>praescriptiones</span> <span class='ocrx_word' id='word_1_128' title='bbox 621 1460 788 1502; x_wconf 85' lang='lat' dir='ltr'>inculcationes</span> <span class='ocrx_word' id='word_1_129' title='bbox 815 1462 845 1501; x_wconf 90' lang='lat' dir='ltr'>ad</span> <span class='ocrx_word' id='word_1_130' title='bbox 871 1460 980 1500; x_wconf 86' lang='lat' dir='ltr'>maiorem</span> 
     </span>
     <span class='ocr_line' id='line_1_18' title="bbox 74 1532 981 1584; baseline -0.003 -10"><span class='ocrx_word' id='word_1_131' title='bbox 74 1534 234 1575; x_wconf 83' lang='lat' dir='ltr'>observantiae</span> <span class='ocrx_word' id='word_1_132' title='bbox 250 1534 470 1575; x_wconf 83' lang='lat' dir='ltr'>commendationem</span> <span class='ocrx_word' id='word_1_133' title='bbox 495 1534 639 1576; x_wconf 85' lang='lat' dir='ltr'>incessanter</span> <span class='ocrx_word' id='word_1_134' title='bbox 655 1534 810 1584; x_wconf 88' lang='lat' dir='ltr'>assumebant,</span> <span class='ocrx_word' id='word_1_135' title='bbox 837 1533 904 1574; x_wconf 91' lang='lat' dir='ltr'>modo</span> <span class='ocrx_word' id='word_1_136' title='bbox 921 1532 981 1573; x_wconf 84' lang='lat' dir='ltr'>ordi-</span> 
     </span>
     <span class='ocr_line' id='line_1_19' title="bbox 73 1593 980 1658; baseline -0.003 -11"><span class='ocrx_word' id='word_1_137' title='bbox 73 1606 181 1656; x_wconf 85' lang='lat' dir='ltr'>nationes</span> <span class='ocrx_word' id='word_1_138' title='bbox 208 1593 407 1649; x_wconf 80' lang='lat' dir='ltr'>extraordinarias</span> <span class='ocrx_word' id='word_1_139' title='bbox 434 1618 474 1658; x_wconf 87' lang='lat' dir='ltr'>per</span> <span class='ocrx_word' id='word_1_140' title='bbox 501 1609 655 1658; x_wconf 85' lang='lat' dir='ltr'>protectorem</span> <span class='ocrx_word' id='word_1_141' title='bbox 683 1606 823 1648; x_wconf 83' lang='lat' dir='ltr'>auctoritate</span> <span class='ocrx_word' id='word_1_142' title='bbox 851 1605 980 1657; x_wconf 87' lang='lat' dir='ltr'>apostolica</span> 
     </span>
     <span class='ocr_line' id='line_1_20' title="bbox 74 1678 977 1733; baseline -0.003 -13"><span class='ocrx_word' id='word_1_143' title='bbox 74 1680 142 1722; x_wconf 89' lang='lat' dir='ltr'>datas</span> <span class='ocrx_word' id='word_1_144' title='bbox 162 1682 310 1732; x_wconf 72' lang='lat' dir='ltr'>referebanr,</span> <span class='ocrx_word' id='word_1_145' title='bbox 340 1682 408 1722; x_wconf 90' lang='lat' dir='ltr'>modo</span> <span class='ocrx_word' id='word_1_146' title='bbox 437 1680 512 1723; x_wconf 86' lang='lat' dir='ltr'>bullas</span> <span class='ocrx_word' id='word_1_147' title='bbox 540 1680 674 1733; x_wconf 86' lang='lat' dir='ltr'>pontificias</span> <span class='ocrx_word' id='word_1_148' title='bbox 703 1678 827 1721; x_wconf 74' lang='lat' dir='ltr'>Clementis</span> <span class='ocrx_word' id='word_1_149' title='bbox 847 1679 918 1731; x_wconf 47' lang='lat' dir='ltr'>VIII)</span> <span class='ocrx_word' id='word_1_150' title='bbox 940 1678 977 1729; x_wconf 87' lang='lat' dir='ltr'>qui</span> 
     </span>
     <span class='ocr_line' id='line_1_21' title="bbox 73 1751 983 1806; baseline -0.004 -11"><span class='ocrx_word' id='word_1_151' title='bbox 73 1755 101 1795; x_wconf 91' lang='lat' dir='ltr'>de</span> <span class='ocrx_word' id='word_1_152' title='bbox 117 1757 193 1796; x_wconf 88' lang='lat' dir='ltr'>cetero</span> <span class='ocrx_word' id='word_1_153' title='bbox 209 1767 320 1806; x_wconf 86' lang='lat' dir='ltr'>personae</span> <span class='ocrx_word' id='word_1_154' title='bbox 336 1757 360 1796; x_wconf 90' lang='lat' dir='ltr'>et</span> <span class='ocrx_word' id='word_1_155' title='bbox 376 1755 498 1797; x_wconf 87' lang='lat' dir='ltr'>memoriae</span> <span class='ocrx_word' id='word_1_156' title='bbox 514 1756 537 1798; x_wconf 78' lang='lat' dir='ltr'>S.</span> <span class='ocrx_word' id='word_1_157' title='bbox 556 1756 594 1797; x_wconf 89' lang='lat' dir='ltr'>Pii</span> <span class='ocrx_word' id='word_1_158' title='bbox 610 1756 631 1796; x_wconf 85' lang='lat' dir='ltr'>V</span> <span class='ocrx_word' id='word_1_159' title='bbox 648 1754 748 1796; x_wconf 76' lang='lat' dir='ltr'>debitor3</span> <span class='ocrx_word' id='word_1_160' title='bbox 765 1753 869 1795; x_wconf 87' lang='lat' dir='ltr'>ordinem</span> <span class='ocrx_word' id='word_1_161' title='bbox 886 1751 983 1792; x_wconf 35' lang='lat' dir='ltr'>Praedia</span> 
     </span>
    </p>

    <p class='ocr_par' dir='ltr' id='par_1_5' title="bbox 7 1819 1021 3067">
     <span class='ocr_line' id='line_1_22' title="bbox 73 1819 738 1882; baseline 0.002 -14"><span class='ocrx_word' id='word_1_162' title='bbox 73 1829 178 1869; x_wconf 89' lang='lat' dir='ltr'>catorum</span> <span class='ocrx_word' id='word_1_163' title='bbox 199 1819 276 1880; x_wconf 80' lang='lat' dir='ltr'>magni</span> <span class='ocrx_word' id='word_1_164' title='bbox 297 1840 386 1880; x_wconf 87' lang='lat' dir='ltr'>semper</span> <span class='ocrx_word' id='word_1_165' title='bbox 407 1829 495 1882; x_wconf 76' lang='lat' dir='ltr'>babuit,</span> <span class='ocrx_word' id='word_1_166' title='bbox 517 1829 577 1870; x_wconf 88' lang='lat' dir='ltr'>actis</span> <span class='ocrx_word' id='word_1_167' title='bbox 598 1829 738 1871; x_wconf 87' lang='lat' dir='ltr'>inserebant.</span> 
     </span>
     <span class='ocr_line' id='line_1_23' title="bbox 7 1888 979 1956; baseline 0 -13"><span class='ocrx_word' id='word_1_168' title='bbox 7 1888 9 1891; x_wconf 69' lang='lat'>‚</span> <span class='ocrx_word' id='word_1_169' title='bbox 128 1902 231 1944; x_wconf 76' lang='lat' dir='ltr'>Clemens</span> <span class='ocrx_word' id='word_1_170' title='bbox 245 1903 314 1956; x_wconf 84' lang='lat' dir='ltr'>VIII,</span> <span class='ocrx_word' id='word_1_171' title='bbox 330 1903 350 1943; x_wconf 90' lang='lat' dir='ltr'>si</span> <span class='ocrx_word' id='word_1_172' title='bbox 364 1902 389 1955; x_wconf 84' lang='lat' dir='ltr'>in</span> <span class='ocrx_word' id='word_1_173' title='bbox 403 1902 467 1944; x_wconf 89' lang='lat' dir='ltr'>bulla</span> <span class='ocrx_word' id='word_1_174' title='bbox 480 1903 535 1943; x_wconf 87' lang='lat' dir='ltr'>anni</span> <span class='ocrx_word' id='word_1_175' title='bbox 548 1903 603 1944; x_wconf 76' lang='lat'>1594</span> <span class='ocrx_word' id='word_1_176' title='bbox 616 1901 762 1955; x_wconf 78' lang='lat' dir='ltr'>regularibus</span> <span class='ocrx_word' id='word_1_177' title='bbox 776 1901 898 1953; x_wconf 88' lang='lat' dir='ltr'>utriusque</span> <span class='ocrx_word' id='word_1_178' title='bbox 911 1913 979 1943; x_wconf 84' lang='grc'><strong>1111111</strong></span> 
     </span>
     <span class='ocr_line' id='line_1_24' title="bbox 71 1974 978 2029; baseline 0 -12"><span class='ocrx_word' id='word_1_179' title='bbox 71 1976 221 2029; x_wconf 79' lang='lat' dir='ltr'>largitionum</span> <span class='ocrx_word' id='word_1_180' title='bbox 234 1988 354 2018; x_wconf 88' lang='lat' dir='ltr'>munerum</span> <span class='ocrx_word' id='word_1_181' title='bbox 367 1976 497 2029; x_wconf 82' lang='lat' dir='ltr'>interdixit,</span> <span class='ocrx_word' id='word_1_182' title='bbox 511 1988 592 2029; x_wconf 87' lang='lat' dir='ltr'>nempe</span> <span class='ocrx_word' id='word_1_183' title='bbox 603 1987 716 2027; x_wconf 86' lang='lat' dir='ltr'>expensas</span> <span class='ocrx_word' id='word_1_184' title='bbox 728 1974 833 2028; x_wconf 80' lang='lat' dir='ltr'>maiores,</span> <span class='ocrx_word' id='word_1_185' title='bbox 848 1975 931 2027; x_wconf 88' lang='lat' dir='ltr'>quibus</span> <span class='ocrx_word' id='word_1_186' title='bbox 943 1976 978 2017; x_wconf 87' lang='lat' dir='ltr'>vel</span> 
     </span>
     <span class='ocr_line' id='line_1_25' title="bbox 70 2049 991 2104; baseline 0 -14"><span class='ocrx_word' id='word_1_187' title='bbox 70 2050 117 2102; x_wconf 86' lang='lat' dir='ltr'>ipsi</span> <span class='ocrx_word' id='word_1_188' title='bbox 132 2052 249 2104; x_wconf 80' lang='lat' dir='ltr'>regulares</span> <span class='ocrx_word' id='word_1_189' title='bbox 264 2052 367 2092; x_wconf 86' lang='lat' dir='ltr'>iavorem</span> <span class='ocrx_word' id='word_1_190' title='bbox 382 2052 543 2092; x_wconf 86' lang='lat' dir='ltr'>extraneorum</span> <span class='ocrx_word' id='word_1_191' title='bbox 558 2053 602 2091; x_wconf 88' lang='lat' dir='ltr'>aut</span> <span class='ocrx_word' id='word_1_192' title='bbox 616 2050 691 2101; x_wconf 89' lang='lat' dir='ltr'>ipsius</span> <span class='ocrx_word' id='word_1_193' title='bbox 706 2049 843 2101; x_wconf 86' lang='lat' dir='ltr'>protectoris</span> <span class='ocrx_word' id='word_1_194' title='bbox 859 2050 991 2101; x_wconf 82' lang='lat' dir='ltr'>acquirere</span> 
     </span>
     <span class='ocr_line' id='line_1_26' title="bbox 70 2117 982 2178; baseline -0.002 -12"><span class='ocrx_word' id='word_1_195' title='bbox 70 2124 241 2178; x_wconf 82' lang='lat' dir='ltr'>obligabantur,</span> <span class='ocrx_word' id='word_1_196' title='bbox 257 2136 365 2167; x_wconf 89' lang='lat' dir='ltr'>concesso</span> <span class='ocrx_word' id='word_1_197' title='bbox 379 2117 471 2178; x_wconf 87' lang='lat' dir='ltr'>quidem</span> <span class='ocrx_word' id='word_1_198' title='bbox 485 2124 555 2167; x_wconf 89' lang='lat' dir='ltr'>titulo</span> <span class='ocrx_word' id='word_1_199' title='bbox 579 2122 733 2177; x_wconf 83' lang='lat' dir='ltr'>gratitudinis</span> <span class='ocrx_word' id='word_1_200' title='bbox 757 2123 792 2164; x_wconf 90' lang='lat' dir='ltr'>vel</span> <span class='ocrx_word' id='word_1_201' title='bbox 806 2121 982 2165; x_wconf 85' lang='lat' dir='ltr'>conciliationis.</span> 
     </span>
     <span class='ocr_line' id='line_1_27' title="bbox 71 2196 977 2252; baseline -0.006 -11"><span class='ocrx_word' id='word_1_202' title='bbox 71 2199 242 2241; x_wconf 89' lang='lat' dir='ltr'>benevolentiae</span> <span class='ocrx_word' id='word_1_203' title='bbox 261 2200 295 2241; x_wconf 93' lang='lat' dir='ltr'>vel</span> <span class='ocrx_word' id='word_1_204' title='bbox 315 2199 431 2252; x_wconf 43' lang='lat' dir='ltr'>pietatis&amp;</span> <span class='ocrx_word' id='word_1_205' title='bbox 451 2200 476 2240; x_wconf 89' lang='lat' dir='ltr'>in</span> <span class='ocrx_word' id='word_1_206' title='bbox 494 2198 558 2241; x_wconf 88' lang='lat' dir='ltr'>bulla</span> <span class='ocrx_word' id='word_1_207' title='bbox 576 2196 634 2240; x_wconf 89' lang='lat' dir='ltr'>anni</span> <span class='ocrx_word' id='word_1_208' title='bbox 652 2196 706 2238; x_wconf 83' lang='grc'><strong>1599</strong></span> <span class='ocrx_word' id='word_1_209' title='bbox 725 2198 752 2238; x_wconf 86' lang='lat' dir='ltr'>de</span> <span class='ocrx_word' id='word_1_210' title='bbox 770 2196 924 2238; x_wconf 79' lang='lat' dir='ltr'>reformandis</span> <span class='ocrx_word' id='word_1_211' title='bbox 943 2208 977 2236; x_wconf 90' lang='lat' dir='ltr'>re-</span> 
     </span>
     <span class='ocr_line' id='line_1_28' title="bbox 71 2266 975 2325; baseline -0.003 -13"><span class='ocrx_word' id='word_1_212' title='bbox 71 2272 162 2325; x_wconf 79' lang='lat' dir='ltr'>ligiosis</span> <span class='ocrx_word' id='word_1_213' title='bbox 182 2272 357 2315; x_wconf 83' lang='lat' dir='ltr'>meritissimum</span> <span class='ocrx_word' id='word_1_214' title='bbox 380 2274 456 2314; x_wconf 90' lang='lat' dir='ltr'>locum</span> <span class='ocrx_word' id='word_1_215' title='bbox 478 2271 583 2314; x_wconf 87' lang='lat' dir='ltr'>omnibus</span> <span class='ocrx_word' id='word_1_216' title='bbox 607 2270 750 2323; x_wconf 85' lang='lat' dir='ltr'>singulisque</span> <span class='ocrx_word' id='word_1_217' title='bbox 772 2266 892 2312; x_wconf 78' lang='lat' dir='ltr'>ordinibus</span> <span class='ocrx_word' id='word_1_218' title='bbox 915 2281 975 2311; x_wconf 78' lang='lat' dir='ltr'>com</span> 
     </span>
     <span class='ocr_line' id='line_1_29' title="bbox 71 2343 976 2400; baseline -0.003 -13"><span class='ocrx_word' id='word_1_219' title='bbox 71 2349 148 2398; x_wconf 91' lang='lat' dir='ltr'>petere</span> <span class='ocrx_word' id='word_1_220' title='bbox 167 2347 308 2400; x_wconf 66' lang='lat' dir='ltr'>si‘regulam</span> <span class='ocrx_word' id='word_1_221' title='bbox 328 2347 552 2399; x_wconf 85' lang='lat' dir='ltr'>constitutionesque</span> <span class='ocrx_word' id='word_1_222' title='bbox 571 2347 601 2387; x_wconf 88' lang='lat' dir='ltr'>ad</span> <span class='ocrx_word' id='word_1_223' title='bbox 621 2356 720 2397; x_wconf 77' lang='lat' dir='ltr'>unguem</span> <span class='ocrx_word' id='word_1_224' title='bbox 740 2345 888 2386; x_wconf 85' lang='lat' dir='ltr'>observarent</span> <span class='ocrx_word' id='word_1_225' title='bbox 908 2343 976 2395; x_wconf 81' lang='lat' dir='ltr'>digne</span> 
     </span>
     <span class='ocr_line' id='line_1_30' title="bbox 66 2418 976 2474; baseline 0.001 -13"><span class='ocrx_word' id='word_1_226' title='bbox 66 2421 189 2462; x_wconf 72' lang='grc'><strong>1111111115.</strong></span> <span class='ocrx_word' id='word_1_227' title='bbox 210 2423 285 2474; x_wconf 85' lang='lat' dir='ltr'>Atque</span> <span class='ocrx_word' id='word_1_228' title='bbox 305 2421 390 2473; x_wconf 86' lang='lat' dir='ltr'>spiritu</span> <span class='ocrx_word' id='word_1_229' title='bbox 412 2418 699 2462; x_wconf 85' lang='lat' dir='ltr'>strenuaeobservantiae</span> <span class='ocrx_word' id='word_1_230' title='bbox 718 2420 820 2463; x_wconf 89' lang='lat' dir='ltr'>roborati</span> <span class='ocrx_word' id='word_1_231' title='bbox 839 2423 919 2474; x_wconf 83' lang='lat' dir='ltr'>patres</span> <span class='ocrx_word' id='word_1_232' title='bbox 940 2433 976 2462; x_wconf 82' lang='lat' dir='ltr'>ca</span> 
     </span>
     <span class='ocr_line' id='line_1_31' title="bbox 70 2491 975 2547; baseline 0 -12"><span class='ocrx_word' id='word_1_233' title='bbox 70 2494 184 2546; x_wconf 90' lang='lat' dir='ltr'>pitulares</span> <span class='ocrx_word' id='word_1_234' title='bbox 205 2506 265 2537; x_wconf 90' lang='lat' dir='ltr'>anno</span> <span class='ocrx_word' id='word_1_235' title='bbox 286 2495 341 2536; x_wconf 80' lang='lat'>1605</span> <span class='ocrx_word' id='word_1_236' title='bbox 362 2494 479 2547; x_wconf 88' lang='lat' dir='ltr'>prioribus</span> <span class='ocrx_word' id='word_1_237' title='bbox 500 2491 682 2546; x_wconf 88' lang='lat' dir='ltr'>provincialibus</span> <span class='ocrx_word' id='word_1_238' title='bbox 704 2494 842 2537; x_wconf 88' lang='lat' dir='ltr'>ordinarunt</span> <span class='ocrx_word' id='word_1_239' title='bbox 864 2498 887 2536; x_wconf 92' lang='lat' dir='ltr'>et</span> <span class='ocrx_word' id='word_1_240' title='bbox 908 2495 975 2540; x_wconf 89' lang='lat' dir='ltr'>stric-</span> 
     </span>
     <span class='ocr_line' id='line_1_32' title="bbox 65 2566 978 2623; baseline -0.001 -14"><span class='ocrx_word' id='word_1_241' title='bbox 65 2567 160 2611; x_wconf 88' lang='lat' dir='ltr'>tissime</span> <span class='ocrx_word' id='word_1_242' title='bbox 176 2570 351 2623; x_wconf 78' lang='lat' dir='ltr'>ma-ndaverunt,</span> <span class='ocrx_word' id='word_1_243' title='bbox 371 2571 404 2610; x_wconf 85' lang='grc'>111</span> <span class='ocrx_word' id='word_1_244' title='bbox 417 2582 428 2609; x_wconf 77' lang='lat' dir='ltr'>c</span> <span class='ocrx_word' id='word_1_245' title='bbox 438 2566 595 2620; x_wconf 89' lang='lat' dir='ltr'>unusquisque</span> <span class='ocrx_word' id='word_1_246' title='bbox 613 2567 637 2608; x_wconf 90' lang='lat' dir='ltr'>in</span> <span class='ocrx_word' id='word_1_247' title='bbox 655 2579 697 2609; x_wconf 88' lang='lat' dir='ltr'>sua</span> <span class='ocrx_word' id='word_1_248' title='bbox 714 2569 833 2620; x_wconf 90' lang='lat' dir='ltr'>provincia</span> <span class='ocrx_word' id='word_1_249' title='bbox 850 2581 922 2610; x_wconf 89' lang='lat' dir='ltr'>unum</span> <span class='ocrx_word' id='word_1_250' title='bbox 940 2570 978 2609; x_wconf 89' lang='lat' dir='ltr'>vel</span> 
     </span>
     <span class='ocr_line' id='line_1_33' title="bbox 68 2641 973 2695; baseline -0.001 -12"><span class='ocrx_word' id='word_1_251' title='bbox 68 2643 148 2694; x_wconf 90' lang='lat' dir='ltr'>plures</span> <span class='ocrx_word' id='word_1_252' title='bbox 163 2647 287 2685; x_wconf 87' lang='lat' dir='ltr'>conventus</span> <span class='ocrx_word' id='word_1_253' title='bbox 302 2643 371 2684; x_wconf 80' lang='lat' dir='ltr'>iuxta</span> <span class='ocrx_word' id='word_1_254' title='bbox 387 2641 524 2695; x_wconf 85' lang='lat' dir='ltr'>qualitatem</span> <span class='ocrx_word' id='word_1_255' title='bbox 539 2642 562 2682; x_wconf 90' lang='lat' dir='ltr'>et</span> <span class='ocrx_word' id='word_1_256' title='bbox 577 2653 696 2684; x_wconf 87' lang='lat' dir='ltr'>numerum</span> <span class='ocrx_word' id='word_1_257' title='bbox 713 2644 813 2684; x_wconf 87' lang='lat' dir='ltr'>iratrum</span> <span class='ocrx_word' id='word_1_258' title='bbox 829 2644 932 2695; x_wconf 83' lang='lat' dir='ltr'>deputet,</span> <span class='ocrx_word' id='word_1_259' title='bbox 950 2643 973 2682; x_wconf 86' lang='lat' dir='ltr'>in</span> 
     </span>
     <span class='ocr_line' id='line_1_34' title="bbox 69 2710 1021 2770; baseline 0 -13"><span class='ocrx_word' id='word_1_260' title='bbox 69 2716 153 2770; x_wconf 85' lang='lat' dir='ltr'>quibus</span> <span class='ocrx_word' id='word_1_261' title='bbox 169 2717 250 2769; x_wconf 82' lang='lat' dir='ltr'>regula</span> <span class='ocrx_word' id='word_1_262' title='bbox 265 2720 289 2758; x_wconf 91' lang='lat' dir='ltr'>et</span> <span class='ocrx_word' id='word_1_263' title='bbox 305 2716 493 2759; x_wconf 86' lang='lat' dir='ltr'>constitutiones</span> <span class='ocrx_word' id='word_1_264' title='bbox 504 2714 592 2757; x_wconf 91' lang='lat' dir='ltr'>ordinis</span> <span class='ocrx_word' id='word_1_265' title='bbox 610 2716 686 2759; x_wconf 88' lang='lat' dir='ltr'>nostri</span> <span class='ocrx_word' id='word_1_266' title='bbox 704 2728 754 2758; x_wconf 90' lang='lat' dir='ltr'>cum</span> <span class='ocrx_word' id='word_1_267' title='bbox 772 2710 834 2759; x_wconf 86' lang='lat' dir='ltr'>omni</span> <span class='ocrx_word' id='word_1_268' title='bbox 848 2718 928 2768; x_wconf 64' lang='lat' dir='ltr'>‘rigore</span> <span class='ocrx_word' id='word_1_269' title='bbox 946 2716 974 2757; x_wconf 86' lang='lat' dir='ltr'>ab</span> <span class='ocrx_word' id='word_1_270' title='bbox 1019 2724 1021 2727; x_wconf 58' lang='lat'><strong>⁴</strong></span> 
     </span>
     <span class='ocr_line' id='line_1_35' title="bbox 68 2783 1006 2848; baseline -0.005 -15"><span class='ocrx_word' id='word_1_271' title='bbox 68 2791 176 2833; x_wconf 89' lang='lat' dir='ltr'>omnibus</span> <span class='ocrx_word' id='word_1_272' title='bbox 196 2789 244 2832; x_wconf 91' lang='lat' dir='ltr'>illic</span> <span class='ocrx_word' id='word_1_273' title='bbox 264 2790 401 2844; x_wconf 78' lang='lat' dir='ltr'>degentibus</span> <span class='ocrx_word' id='word_1_274' title='bbox 422 2790 452 2830; x_wconf 88' lang='lat' dir='ltr'>ad</span> <span class='ocrx_word' id='word_1_275' title='bbox 472 2801 570 2842; x_wconf 78' lang='lat' dir='ltr'>unguem</span> <span class='ocrx_word' id='word_1_276' title='bbox 591 2791 741 2833; x_wconf 89' lang='lat' dir='ltr'>observentur</span> <span class='ocrx_word' id='word_1_277' title='bbox 761 2783 807 2848; x_wconf 84' lang='lat' dir='ltr'>nec</span> <span class='ocrx_word' id='word_1_278' title='bbox 822 2803 874 2832; x_wconf 89' lang='lat' dir='ltr'>eum</span> <span class='ocrx_word' id='word_1_279' title='bbox 895 2788 974 2840; x_wconf 90' lang='lat' dir='ltr'>aliquo</span> <span class='ocrx_word' id='word_1_280' title='bbox 1005 2825 1006 2828; x_wconf 75' lang='grc'>,</span> 
     </span>
     <span class='ocr_line' id='line_1_36' title="bbox 61 2861 974 2918; baseline -0.007 -11"><span class='ocrx_word' id='word_1_281' title='bbox 61 2865 101 2908; x_wconf 76' lang='lat' dir='ltr'>vibi</span> <span class='ocrx_word' id='word_1_282' title='bbox 119 2866 273 2907; x_wconf 86' lang='lat' dir='ltr'>commorante</span> <span class='ocrx_word' id='word_1_283' title='bbox 291 2865 316 2905; x_wconf 91' lang='lat' dir='ltr'>in</span> <span class='ocrx_word' id='word_1_284' title='bbox 334 2864 444 2906; x_wconf 87' lang='lat' dir='ltr'>carnibus</span> <span class='ocrx_word' id='word_1_285' title='bbox 463 2863 497 2905; x_wconf 88' lang='lat' dir='ltr'>vel</span> <span class='ocrx_word' id='word_1_286' title='bbox 515 2863 569 2906; x_wconf 90' lang='lat' dir='ltr'>aliis</span> <span class='ocrx_word' id='word_1_287' title='bbox 588 2865 690 2918; x_wconf 76' lang='lat' dir='ltr'>regulari</span> <span class='ocrx_word' id='word_1_288' title='bbox 709 2864 770 2907; x_wconf 88' lang='lat' dir='ltr'>vitae</span> <span class='ocrx_word' id='word_1_289' title='bbox 789 2861 974 2916; x_wconf 80' lang='lat' dir='ltr'>repugnantibus</span> 
     </span>
     <span class='ocr_line' id='line_1_37' title="bbox 66 2938 998 2994; baseline 0.001 -13"><span class='ocrx_word' id='word_1_290' title='bbox 66 2939 226 2992; x_wconf 90' lang='lat' dir='ltr'>quoquomodo</span> <span class='ocrx_word' id='word_1_291' title='bbox 241 2940 283 2979; x_wconf 90' lang='lat' dir='ltr'>aut</span> <span class='ocrx_word' id='word_1_292' title='bbox 299 2938 379 2990; x_wconf 84' lang='lat' dir='ltr'>quovis</span> <span class='ocrx_word' id='word_1_293' title='bbox 396 2938 517 2990; x_wconf 82' lang='lat' dir='ltr'>praetextu</span> <span class='ocrx_word' id='word_1_294' title='bbox 533 2939 568 2981; x_wconf 93' lang='lat' dir='ltr'>vel</span> <span class='ocrx_word' id='word_1_295' title='bbox 583 2939 673 2993; x_wconf 49' lang='lat' dir='ltr'>colorej&#39;</span> <span class='ocrx_word' id='word_1_296' title='bbox 685 2942 732 2983; x_wconf 92' lang='lat' dir='ltr'>nisi</span> <span class='ocrx_word' id='word_1_297' title='bbox 747 2945 842 2994; x_wconf 80' lang='lat' dir='ltr'>propter</span> <span class='ocrx_word' id='word_1_298' title='bbox 858 2942 974 2983; x_wconf 81' lang='lat' dir='ltr'>actvmlem</span> <span class='ocrx_word' id='word_1_299' title='bbox 997 2957 998 2961; x_wconf 45' lang='lat'>¹</span> 
     </span>
     <span class='ocr_line' id='line_1_38' title="bbox 65 3011 973 3067; baseline 0.003 -12"><span class='ocrx_word' id='word_1_300' title='bbox 65 3013 232 3056; x_wconf 74' lang='lat' dir='ltr'>infirmitatem</span> <span class='ocrx_word' id='word_1_301' title='bbox 248 3012 371 3054; x_wconf 85' lang='lat' dir='ltr'>dumtaxat</span> <span class='ocrx_word' id='word_1_302' title='bbox 389 3011 518 3062; x_wconf 86' lang='lat' dir='ltr'>dispensari</span> <span class='ocrx_word' id='word_1_303' title='bbox 534 3014 616 3064; x_wconf 84' lang='lat' dir='ltr'>possit.</span> <span class='ocrx_word' id='word_1_304' title='bbox 636 3016 665 3057; x_wconf 87' lang='lat' dir='ltr'>In</span> <span class='ocrx_word' id='word_1_305' title='bbox 682 3016 764 3067; x_wconf 89' lang='lat' dir='ltr'>quibus</span> <span class='ocrx_word' id='word_1_306' title='bbox 781 3015 932 3058; x_wconf 89' lang='lat' dir='ltr'>conventibus</span> <span class='ocrx_word' id='word_1_307' title='bbox 950 3019 973 3058; x_wconf 90' lang='grc'>11</span> 
     </span>
    </p>
   </div>
   <div class='ocr_carea' id='block_1_5' title="bbox 0 0 1098 3178">
    <p class='ocr_par' dir='ltr' id='par_1_6' title="bbox 0 0 1098 3178">
     <span class='ocr_line' id='line_1_39' title="bbox 0 0 1098 3178; baseline 0 4"><span class='ocrx_word' id='word_1_308' title='bbox 0 0 1098 3178; x_wconf 95' lang='lat' dir='ltr'> </span> 
     </span>
    </p>
   </div>
  </div>
 </body>
</html>
