2101 3187
442 55 481 89 Res
497 55 581 89 libraria
926 56 966 98 135

62 181 200 234 niensisulffi,
218 182 396 231 diacovienser,
414 195 459 224 nou
475 183 540 224 illam
556 183 711 235 frequentiam
728 186 889 225 extraneorum
907 184 966 226 obti-

62 259 155 309 nebant,
170 269 236 309 quam
249 259 297 299 alia
310 258 407 307 Galliac,
423 257 515 311 Italiae,
530 258 675 308 Germaniae,
690 258 789 311 Angliae
802 258 962 300 ostendebant.

118 332 149 371 nt
161 333 227 372 tanto
240 332 318 373 labore
330 331 479 374 studiorumr
492 344 538 373 nou
551 334 682 385 contentus,
697 333 753 373 ordo
766 333 863 374 lectores
877 344 965 385 qnoque

62 405 203 457 ingratiam
227 409 389 447 extraneorum
414 405 549 459 deputabat,
576 418 625 459 eg.
643 406 792 448 Vincentium
818 407 965 448 Bellovaoen-

62 482 136 531 sem⁶⁸,
152 480 191 532 qui
205 482 267 532 apud
281 480 453 532 Oistereienses,
468 480 642 522 Ferdinandum
657 481 756 533 Franco,
773 481 812 533 qui
827 481 851 521 in
867 480 963 533 collegio

64 554 219 605 Hispanorum
233 553 381 607 Bonoriiae⁶⁰‚
397 555 508 595 Ioannem
522 554 724 606 Baltheandrium,
740 554 780 607 qui
794 555 857 606 apud
871 555 964 597 canoni-

62 640 100 669 cos
112 628 294 681 Lugdunenses⁷⁰
307 629 421 670 docerent.

37 753 42 763 ,
117 703 159 744 Rei
179 703 288 744 librariae
309 705 448 744 momentum
468 715 577 755 magnum
597 705 660 755 apud
680 704 767 745 iratres
788 703 963 745 Praedicatores

61 778 90 818 ab
102 777 171 818 initio
184 776 319 829 percipitur,
334 780 360 818 ut
373 778 437 818 decet
450 770 513 818 viros
524 777 694 819 ecclesiastidos
706 777 785 818 studio
797 789 825 819 ac
839 790 904 828 sacro
918 789 963 819 ser-

62 851 124 891 moni
139 850 294 892 destinatos⁷1.
313 835 335 892 S.
353 850 473 892 Dominico
489 850 581 904 suisque
597 852 666 893 sociis
682 863 743 893 anno
759 852 813 892 1215
829 852 907 909 Fulco·
917 852 963 904 epi-

62 937 144 976 scopus
157 925 284 966 {tolosanus
299 927 409 966 «sextam
422 927 513 977 partem
526 925 629 967 omnium
643 925 784 967 decimarum
798 926 865 967 cuius
879 926 963 967 emolu-

61 999 133 1039 menti
148 998 260 1051 subsidio,
279 998 328 1040 suis
344 1000 374 1040 ad
391 998 464 1040 libros
480 1000 549 1050 atque
566 1001 595 1040 ad
614 999 809 1045 sustentationem
826 998 962 1041 necessariis

61 1072 230 1124 providerent»
249 1073 389 1114 concessit⁷².
409 1074 490 1114 Libros
509 1078 603 1115 comites
623 1075 646 1115 S.
668 1073 785 1114 Dominici
804 1074 902 1116 Ioannes
921 1075 963 1114 Hi-

61 1159 148 1199 spanus
163 1147 270 1199 deposuit
286 1147 371 1199 dicens,
390 1161 401 1186 u
412 1147 472 1199 quod
487 1159 577 1199 semper
593 1148 700 1200 gestabat
717 1159 793 1189 secum
811 1147 924 1188 Matthaei
941 1160 963 1188 e-

61 1220 191 1273 vangelium
202 1223 225 1262 et
236 1221 348 1273 epistulas
360 1221 428 1262 Pauli
440 1223 463 1262 et
474 1221 572 1262 multum
583 1222 693 1262 studebat
704 1221 729 1261 in
741 1221 782 1274 eis,
795 1221 830 1262 ita
843 1222 903 1274 quod
914 1223 963 1262 iere

61 1295 148 1336 sciebat
166 1307 204 1336 eas
222 1295 290 1336 corde
308 1296 375 1335 tenus
387 1296 425 1335 u⁷³.
446 1296 487 1335 Ius
505 1294 617 1336 librorum
635 1295 660 1335 in
678 1294 887 1336 constitutionibus
905 1294 962 1335 anni

60 1370 114 1410 1228
129 1371 225 1410 notatur
239 1369 264 1408 in
279 1368 434 1410 inculcatione
451 1382 461 1408 e
473 1369 533 1420 quod
549 1368 671 1420 diligenter
686 1368 785 1410 debeant
801 1368 918 1410 custodire
934 1368 962 1408 li-

60 1444 135 1484 bros»
148 1442 231 1484 novitii
243 1445 266 1484 et
278 1442 338 1495 quod
349 1442 470 1484 studentes
481 1441 567 1494 aliique
580 1456 591 1482 o
601 1444 695 1483 tantum
707 1441 781 1501 libros
792 1441 960 1494 theologicos...

60 1516 138 1568 legant
149 1518 188 1557 »Ἄ
204 1516 270 1566 Quod
282 1516 320 1565 ius
332 1515 357 1556 in
370 1515 481 1568 capitulis
494 1515 640 1567 generalibus
654 1516 784 1567 augebatur
798 1527 816 1556 e.
832 1528 854 1568 g.
870 1517 961 1557 statuto

59 1592 114 1632 1233
128 1593 177 1631 «ut
190 1590 244 1631 libri
257 1591 358 1631 fratrum
372 1589 530 1631 decedentium
543 1592 566 1631 et
579 1589 678 1630 maxime
692 1588 778 1639 bibliae
792 1592 858 1630 extra
872 1601 913 1630 nec
926 1589 962 1630 in-

60 1667 98 1705 tra
118 1664 221 1713 ordinem
242 1665 373 1705 vendantur
392 1664 432 1704 sed
451 1663 530 1716 potius
550 1662 666 1704 iratribus
687 1662 862 1714 proficientibus
883 1674 962 1705 eonce-

59 1738 146 1779 dantur
156 1740 195 1785 ³2⁷⁵·
208 1737 297 1779 Novitii
308 1739 383 1789 quoad
393 1739 491 1789 possunt
502 1736 574 1778 biblia
585 1739 608 1778 et
619 1736 760 1778 breviarium
772 1738 877 1781 emant⁷⁶.
892 1738 961 1778 «Fra-

59 1811 134 1853 tribus
146 1813 176 1852 ad
189 1812 291 1852 studium
304 1811 367 1862 aptis
378 1813 402 1852 et
413 1810 486 1853 libros
496 1822 542 1851 non
554 1810 693 1852 habentibus
706 1822 747 1861 per
759 1810 924 1862 provincialem
937 1812 961 1852 et

60 1885 192 1929 ‹lefinitores
213 1885 363 1943 provideatur
383 1886 408 1925 in
429 1884 495 1926 libris
516 1886 587 1935 prout
608 1884 690 1925 melius
711 1884 799 1935 poterit
820 1883 960 1936 provideri»

61 1959 160 2011 (manv.
420 1946 423 1952 ”
721 1970 723 1973 v
965 1949 966 1952 ’

113 2033 209 2075 Codices
233 2033 414 2074 Mendioantium
439 2031 576 2073 notabiliter
600 2044 615 2072 a
639 2031 757 2073 codicibus
782 2030 898 2083 liturgicis
924 2030 960 2072 vel

58 2106 192 2148 scientificis
205 2107 391 2159 praecedentium
406 2105 549 2147 saeculorum
564 2105 712 2146 differebant.
729 2105 808 2156 Neque
822 2116 906 2146 aureae
921 2105 960 2146 lit-

58 2183 121 2221 terae
140 2180 165 2220 iu
185 2180 302 2222 codicibus
322 2180 409 2222 nostris
428 2179 651 2230 permittebantur.
673 2179 750 2229 Atque
771 2190 876 2221 excessus
897 2179 959 2220 circa

58 2253 129 2294 libros
144 2253 235 2305 publice
250 2253 414 2306 puniebantur,
431 2253 497 2294 utin
513 2264 568 2294 casu
584 2252 759 2293 Bartholomaei
774 2252 902 2303 cuiusdam,
920 2253 960 2305 qui

57 2327 163 2380 privatus
180 2330 215 2368 est
232 2316 326 2370 «biblia
342 2329 437 2380 propter
454 2327 546 2367 modum
563 2326 689 2367 notabilem
706 2326 842 2378 acquirendi
853 2328 892 2367 „a
912 2326 960 2368 Mo-

58 2401 110 2443 nuit
132 2400 254 2442 scitissime
275 2402 431 2443 Humbertus:
456 2401 538 2442 «eave
560 2412 589 2441 ne
609 2399 737 2440 armarium
760 2399 850 2441 doctius
872 2400 958 2441 habeas

57 2487 125 2528 quam
146 2476 276 2526 pecasse.
300 2476 408 2527 idemque
430 2474 500 2516 dicit:
527 2475 594 2515 «Det
617 2474 732 2516 Dominus
753 2475 780 2514 ut
802 2474 841 2526 qui
863 2476 960 2526 propter

56 2551 132 2602 ipsum
143 2549 237 2590 student
247 2549 272 2588 iu
283 2549 351 2590 libris
361 2561 438 2590 amore
448 2548 561 2590 librorum
572 2547 632 2588 nihil
643 2548 733 2600 iaciant
745 2549 827 2589 contra
838 2547 957 2599 ips11m»⁸1.

57 2624 199 2665 Humbertus
213 2622 239 2661 de
253 2624 328 2662 cetero
342 2626 392 2664 tum
405 2623 430 2663 in
443 2622 587 2674 expositione
600 2622 694 2674 regulae
708 2622 732 2663 S.
747 2620 876 2673 Augustini
890 2621 917 2662 de
931 2620 959 2660 li-

56 2698 105 2740 bris
118 2695 270 2749 procurandis
285 2698 308 2736 et
323 2696 480 2737 custodiendis
495 2698 546 2736 tum
560 2695 585 2736 in
601 2694 745 2748 expositione
759 2706 830 2746 super
845 2695 958 2737 constitu-

56 2772 132 2814 tiones
150 2769 256 2813 ordinis⁸2
276 2770 302 2809 de
320 2770 372 2810 tota
390 2782 415 2810 re
433 2769 530 2811 libraria
549 2772 572 2811 et
591 2769 702 2810 librarii⁸³
722 2768 893 2820 sapientissime
912 2768 958 2810 dis-

56 2846 136 2888 seruit.
156 2844 288 2898 Optandum
305 2845 332 2883 ut
349 2843 480 2895 bibliophili
497 2844 535 2885 his
552 2843 697 2885 documentis
713 2843 776 2884 tanti
794 2842 839 2883 viri
856 2843 956 2895 laudem,

56 2932 124 2972 quam
139 2919 223 2960 meruit
237 2917 262 2957 in
277 2917 320 2957 hac
334 2928 366 2968 re,
383 2917 525 2958 tribuerent!
543 2919 597 2969 Ipse
611 2919 647 2959 vel
662 2917 817 2968 repertorium
833 2916 956 2958 constituit

57 2994 167 3035 librorum
182 2990 359 3045 praedicatoriis
373 2989 520 3031 bibliothecis
534 2991 744 3032 necessariorumr.
762 2990 811 3031 Alii
826 2989 913 3031 elenchi
929 2988 956 3029 li-
