<?xml version="1.0" encoding="UTF-8"?>
<!DOCTYPE html PUBLIC "-//W3C//DTD XHTML 1.0 Transitional//EN"
    "http://www.w3.org/TR/xhtml1/DTD/xhtml1-transitional.dtd">
<html xmlns="http://www.w3.org/1999/xhtml" xml:lang="en" lang="en">
 <head>
  <title>
</title>
<meta http-equiv="Content-Type" content="text/html;charset=utf-8" />
  <meta name='ocr-system' content='tesseract 3.04.00' />
  <meta name='ocr-capabilities' content='ocr_page ocr_carea ocr_par ocr_line ocrx_word'/>
</head>
<body>
  <div class='ocr_page' id='page_1' title='image "MN5081ucmf_3_0132.png"; bbox 0 0 2101 3187; ppageno 0'>
   <div class='ocr_carea' id='block_1_1' title="bbox 413 100 1036 144">
    <p class='ocr_par' dir='ltr' id='par_1_1' title="bbox 413 100 1036 144">
     <span class='ocr_line' id='line_1_1' title="bbox 413 100 1036 144; baseline 0.016 -9"><span class='ocrx_word' id='word_1_1' title='bbox 413 100 505 141; x_wconf 83' lang='lat' dir='ltr'>thurgla</span> <span class='ocrx_word' id='word_1_2' title='bbox 524 100 648 134; x_wconf 75' lang='lat' dir='ltr'>dominicare</span> <span class='ocrx_word' id='word_1_3' title='bbox 949 102 990 144; x_wconf 81' lang='grc'>105</span> <span class='ocrx_word' id='word_1_4' title='bbox 1035 104 1036 107; x_wconf 66' lang='grc'>’</span> 
     </span>
    </p>
   </div>
   <div class='ocr_carea' id='block_1_2' title="bbox 23 226 992 3088">
    <p class='ocr_par' dir='ltr' id='par_1_2' title="bbox 23 226 992 3088">
     <span class='ocr_line' id='line_1_2' title="bbox 85 226 992 282; baseline 0.004 -15"><span class='ocrx_word' id='word_1_5' title='bbox 85 226 226 269; x_wconf 84' lang='lat' dir='ltr'>matutinum</span> <span class='ocrx_word' id='word_1_6' title='bbox 242 228 325 270; x_wconf 89' lang='lat' dir='ltr'>seriem</span> <span class='ocrx_word' id='word_1_7' title='bbox 342 226 456 270; x_wconf 89' lang='lat' dir='ltr'>orationis</span> <span class='ocrx_word' id='word_1_8' title='bbox 473 226 595 280; x_wconf 79' lang='lat' dir='ltr'>liturgicae</span> <span class='ocrx_word' id='word_1_9' title='bbox 611 226 769 280; x_wconf 72' lang='lat' dir='ltr'><strong>inauguravit.</strong></span> <span class='ocrx_word' id='word_1_10' title='bbox 789 229 846 270; x_wconf 79' lang='lat' dir='ltr'>Oum</span> <span class='ocrx_word' id='word_1_11' title='bbox 864 229 992 282; x_wconf 60' lang='lat' dir='ltr'>completo-²</span> 
     </span>
     <span class='ocr_line' id='line_1_3' title="bbox 85 299 987 355; baseline 0.002 -13"><span class='ocrx_word' id='word_1_12' title='bbox 85 301 120 342; x_wconf 87' lang='lat' dir='ltr'>rio</span> <span class='ocrx_word' id='word_1_13' title='bbox 132 301 217 344; x_wconf 86' lang='lat' dir='ltr'>iratres</span> <span class='ocrx_word' id='word_1_14' title='bbox 230 302 290 345; x_wconf 91' lang='lat' dir='ltr'>diem</span> <span class='ocrx_word' id='word_1_15' title='bbox 302 302 444 344; x_wconf 87' lang='lat' dir='ltr'>clauserunt.</span> <span class='ocrx_word' id='word_1_16' title='bbox 458 302 523 343; x_wconf 88' lang='lat' dir='ltr'>Hora</span> <span class='ocrx_word' id='word_1_17' title='bbox 535 299 679 353; x_wconf 76' lang='lat' dir='ltr'>completorii</span> <span class='ocrx_word' id='word_1_18' title='bbox 691 301 831 353; x_wconf 70' lang='lat' dir='ltr'>particulari</span> <span class='ocrx_word' id='word_1_19' title='bbox 844 301 916 344; x_wconf 91' lang='lat' dir='ltr'>modo</span> <span class='ocrx_word' id='word_1_20' title='bbox 924 303 987 355; x_wconf 88' lang='lat' dir='ltr'>apud</span> 
     </span>
     <span class='ocr_line' id='line_1_4' title="bbox 84 373 986 427; baseline 0.001 -11"><span class='ocrx_word' id='word_1_21' title='bbox 84 375 188 418; x_wconf 80' lang='lat' dir='ltr'>ordinem</span> <span class='ocrx_word' id='word_1_22' title='bbox 203 375 395 418; x_wconf 88' lang='lat' dir='ltr'>Praedicatorum</span> <span class='ocrx_word' id='word_1_23' title='bbox 411 375 503 416; x_wconf 85' lang='lat' dir='ltr'>exculta</span> <span class='ocrx_word' id='word_1_24' title='bbox 518 374 592 427; x_wconf 66' lang='lat' dir='ltr'>iuit4⁸,</span> <span class='ocrx_word' id='word_1_25' title='bbox 609 373 760 427; x_wconf 88' lang='lat' dir='ltr'>praecipuum</span> <span class='ocrx_word' id='word_1_26' title='bbox 776 375 844 417; x_wconf 90' lang='lat' dir='ltr'>decus</span> <span class='ocrx_word' id='word_1_27' title='bbox 861 388 889 417; x_wconf 81' lang='lat' dir='ltr'>ex</span> <span class='ocrx_word' id='word_1_28' title='bbox 905 376 986 417; x_wconf 90' lang='lat' dir='ltr'>decan-</span> 
     </span>
     <span class='ocr_line' id='line_1_5' title="bbox 26 435 986 502; baseline 0 -12"><span class='ocrx_word' id='word_1_29' title='bbox 26 435 27 438; x_wconf 20' lang='lat'><em>*</em></span> <span class='ocrx_word' id='word_1_30' title='bbox 85 449 174 492; x_wconf 81' lang='lat' dir='ltr'>tattone</span> <span class='ocrx_word' id='word_1_31' title='bbox 191 449 334 502; x_wconf 73' lang='lat' dir='ltr'>antiphonae</span> <span class='ocrx_word' id='word_1_32' title='bbox 353 449 426 490; x_wconf 82' lang='lat' dir='ltr'>Salve</span> <span class='ocrx_word' id='word_1_33' title='bbox 438 447 518 501; x_wconf 78' lang='lat' dir='ltr'>regina</span> <span class='ocrx_word' id='word_1_34' title='bbox 536 449 649 490; x_wconf 84' lang='lat' dir='ltr'>obtinens.</span> <span class='ocrx_word' id='word_1_35' title='bbox 669 449 734 498; x_wconf 72' lang='lat' dir='ltr'>Quae</span> <span class='ocrx_word' id='word_1_36' title='bbox 752 440 800 501; x_wconf 86' lang='lat' dir='ltr'>per</span> <span class='ocrx_word' id='word_1_37' title='bbox 811 450 838 491; x_wconf 91' lang='lat' dir='ltr'>B.</span> <span class='ocrx_word' id='word_1_38' title='bbox 859 451 986 492; x_wconf 88' lang='lat' dir='ltr'>Iordanum</span> 
     </span>
     <span class='ocr_line' id='line_1_6' title="bbox 86 514 987 575; baseline 0.001 -11"><span class='ocrx_word' id='word_1_39' title='bbox 86 524 204 566; x_wconf 85' lang='lat' dir='ltr'>occasione</span> <span class='ocrx_word' id='word_1_40' title='bbox 223 525 287 565; x_wconf 77' lang='lat' dir='ltr'>ferae</span> <span class='ocrx_word' id='word_1_41' title='bbox 306 522 436 564; x_wconf 77' lang='lat' dir='ltr'>vexationis</span> <span class='ocrx_word' id='word_1_42' title='bbox 455 522 537 564; x_wconf 76' lang='lat' dir='ltr'>fratris</span> <span class='ocrx_word' id='word_1_43' title='bbox 556 522 676 564; x_wconf 89' lang='lat' dir='ltr'>cuiusdam</span> <span class='ocrx_word' id='word_1_44' title='bbox 696 522 811 564; x_wconf 88' lang='lat' dir='ltr'>Bernardi</span> <span class='ocrx_word' id='word_1_45' title='bbox 831 525 892 575; x_wconf 92' lang='lat' dir='ltr'>apud</span> <span class='ocrx_word' id='word_1_46' title='bbox 912 514 987 566; x_wconf 89' lang='lat' dir='ltr'>Bono-</span> 
     </span>
     <span class='ocr_line' id='line_1_7' title="bbox 84 596 986 649; baseline 0.001 -11"><span class='ocrx_word' id='word_1_47' title='bbox 84 597 147 640; x_wconf 89' lang='lat' dir='ltr'>niam</span> <span class='ocrx_word' id='word_1_48' title='bbox 164 596 311 639; x_wconf 87' lang='lat' dir='ltr'>decantanda</span> <span class='ocrx_word' id='word_1_49' title='bbox 326 597 379 649; x_wconf 87' lang='lat' dir='ltr'>post</span> <span class='ocrx_word' id='word_1_50' title='bbox 396 596 570 648; x_wconf 85' lang='lat' dir='ltr'>completorium</span> <span class='ocrx_word' id='word_1_51' title='bbox 587 596 699 638; x_wconf 87' lang='lat' dir='ltr'>instituta</span> <span class='ocrx_word' id='word_1_52' title='bbox 716 608 768 638; x_wconf 87' lang='lat' dir='ltr'>mox</span> <span class='ocrx_word' id='word_1_53' title='bbox 785 608 827 649; x_wconf 90' lang='lat' dir='ltr'>per</span> <span class='ocrx_word' id='word_1_54' title='bbox 843 597 986 649; x_wconf 90' lang='lat' dir='ltr'>provinciam</span> 
     </span>
     <span class='ocr_line' id='line_1_8' title="bbox 84 670 987 724; baseline 0.001 -12"><span class='ocrx_word' id='word_1_55' title='bbox 84 671 236 713; x_wconf 85' lang='lat' dir='ltr'>Lcmbardiae</span> <span class='ocrx_word' id='word_1_56' title='bbox 252 673 276 712; x_wconf 91' lang='lat' dir='ltr'>et</span> <span class='ocrx_word' id='word_1_57' title='bbox 291 682 331 722; x_wconf 90' lang='lat' dir='ltr'>per</span> <span class='ocrx_word' id='word_1_58' title='bbox 347 670 450 712; x_wconf 82' lang='lat' dir='ltr'>ordinem</span> <span class='ocrx_word' id='word_1_59' title='bbox 466 671 597 712; x_wconf 89' lang='lat' dir='ltr'>universum</span> <span class='ocrx_word' id='word_1_60' title='bbox 612 670 650 722; x_wconf 90' lang='lat' dir='ltr'>pie</span> <span class='ocrx_word' id='word_1_61' title='bbox 665 672 759 723; x_wconf 90' lang='lat' dir='ltr'>recepta</span> <span class='ocrx_word' id='word_1_62' title='bbox 774 672 817 712; x_wconf 89' lang='lat' dir='ltr'>est.</span> <span class='ocrx_word' id='word_1_63' title='bbox 835 671 899 712; x_wconf 90' lang='lat' dir='ltr'>Ordo</span> <span class='ocrx_word' id='word_1_64' title='bbox 913 671 987 724; x_wconf 81' lang='lat' dir='ltr'>igitur</span> 
     </span>
     <span class='ocr_line' id='line_1_9' title="bbox 84 743 986 797; baseline 0 -10"><span class='ocrx_word' id='word_1_65' title='bbox 84 745 276 787; x_wconf 81' lang='lat' dir='ltr'>&#39;Praedicator&#39;nm</span> <span class='ocrx_word' id='word_1_66' title='bbox 287 744 347 787; x_wconf 89' lang='lat' dir='ltr'>hanc</span> <span class='ocrx_word' id='word_1_67' title='bbox 359 743 510 797; x_wconf 84' lang='lat' dir='ltr'>antiphonam</span> <span class='ocrx_word' id='word_1_68' title='bbox 522 744 631 797; x_wconf 81' lang='lat' dir='ltr'>liturgiae</span> <span class='ocrx_word' id='word_1_69' title='bbox 643 743 814 786; x_wconf 71' lang='lat' dir='ltr'>ecclesiasticae</span> <span class='ocrx_word' id='word_1_70' title='bbox 826 744 941 787; x_wconf 75' lang='lat' dir='ltr'>invexit⁴⁸.</span> <span class='ocrx_word' id='word_1_71' title='bbox 955 748 986 787; x_wconf 82' lang='lat' dir='ltr'>Et</span> 
     </span>
     <span class='ocr_line' id='line_1_10' title="bbox 83 818 985 873; baseline 0 -12"><span class='ocrx_word' id='word_1_72' title='bbox 83 822 143 872; x_wconf 84' lang='lat' dir='ltr'>quod</span> <span class='ocrx_word' id='word_1_73' title='bbox 163 820 219 860; x_wconf 89' lang='lat' dir='ltr'>haec</span> <span class='ocrx_word' id='word_1_74' title='bbox 237 818 367 871; x_wconf 85' lang='lat' dir='ltr'>antiphona</span> <span class='ocrx_word' id='word_1_75' title='bbox 385 819 501 861; x_wconf 84' lang='lat' dir='ltr'>iratribus</span> <span class='ocrx_word' id='word_1_76' title='bbox 518 818 696 872; x_wconf 77' lang='lat' dir='ltr'>procedentibus</span> <span class='ocrx_word' id='word_1_77' title='bbox 714 819 863 873; x_wconf 79' lang='lat' dir='ltr'>persolvitur,</span> <span class='ocrx_word' id='word_1_78' title='bbox 884 819 985 862; x_wconf 77' lang='lat' dir='ltr'>forsitan</span> 
     </span>
     <span class='ocr_line' id='line_1_11' title="bbox 84 892 985 947; baseline 0.001 -12"><span class='ocrx_word' id='word_1_79' title='bbox 84 906 151 935; x_wconf 83' lang='lat' dir='ltr'>usum</span> <span class='ocrx_word' id='word_1_80' title='bbox 163 892 230 934; x_wconf 84' lang='lat' dir='ltr'>illurn</span> <span class='ocrx_word' id='word_1_81' title='bbox 243 892 354 945; x_wconf 86' lang='lat' dir='ltr'>temporis</span> <span class='ocrx_word' id='word_1_82' title='bbox 367 892 589 946; x_wconf 84' lang='lat' dir='ltr'>crucesignatorum</span> <span class='ocrx_word' id='word_1_83' title='bbox 603 892 713 946; x_wconf 85' lang='lat' dir='ltr'>ostendit,</span> <span class='ocrx_word' id='word_1_84' title='bbox 728 893 812 945; x_wconf 88' lang='lat' dir='ltr'>quibus</span> <span class='ocrx_word' id='word_1_85' title='bbox 825 894 892 936; x_wconf 75' lang='lat' dir='ltr'>Salve</span> <span class='ocrx_word' id='word_1_86' title='bbox 905 894 985 947; x_wconf 82' lang='lat' dir='ltr'>regina</span> 
     </span>
     <span class='ocr_line' id='line_1_12' title="bbox 82 951 985 1020; baseline -0.001 -11"><span class='ocrx_word' id='word_1_87' title='bbox 82 970 165 1014; x_wconf 87' lang='lat' dir='ltr'>cantus</span> <span class='ocrx_word' id='word_1_88' title='bbox 175 967 269 1017; x_wconf 83' lang='lat' dir='ltr'>itineris</span> <span class='ocrx_word' id='word_1_89' title='bbox 278 970 356 1009; x_wconf 84' lang='lat' dir='ltr'>erat⁵⁰.</span> <span class='ocrx_word' id='word_1_90' title='bbox 369 969 406 1009; x_wconf 90' lang='lat' dir='ltr'>Ad</span> <span class='ocrx_word' id='word_1_91' title='bbox 416 968 578 1020; x_wconf 84' lang='lat' dir='ltr'>integrandum</span> <span class='ocrx_word' id='word_1_92' title='bbox 589 951 692 1010; x_wconf 73' lang='lat' dir='ltr'>cilicium</span> <span class='ocrx_word' id='word_1_93' title='bbox 703 967 808 1009; x_wconf 89' lang='lat' dir='ltr'>divinum</span> <span class='ocrx_word' id='word_1_94' title='bbox 818 970 842 1009; x_wconf 93' lang='lat' dir='ltr'>et</span> <span class='ocrx_word' id='word_1_95' title='bbox 854 982 865 1009; x_wconf 82' lang='lat' dir='ltr'>n</span> <span class='ocrx_word' id='word_1_96' title='bbox 876 980 918 1020; x_wconf 86' lang='lat' dir='ltr'>pro</span> <span class='ocrx_word' id='word_1_97' title='bbox 929 971 985 1010; x_wconf 89' lang='lat' dir='ltr'>tem-</span> 
     </span>
     <span class='ocr_line' id='line_1_13' title="bbox 83 1043 984 1095; baseline 0 -10"><span class='ocrx_word' id='word_1_98' title='bbox 83 1055 138 1095; x_wconf 89' lang='lat' dir='ltr'>pore</span> <span class='ocrx_word' id='word_1_99' title='bbox 149 1057 159 1084; x_wconf 80' lang='grc'>1)</span> <span class='ocrx_word' id='word_1_100' title='bbox 173 1043 275 1084; x_wconf 85' lang='lat' dir='ltr'>cilicium</span> <span class='ocrx_word' id='word_1_101' title='bbox 289 1044 316 1084; x_wconf 93' lang='lat' dir='ltr'>B.</span> <span class='ocrx_word' id='word_1_102' title='bbox 331 1044 361 1085; x_wconf 93' lang='lat' dir='ltr'>M.</span> <span class='ocrx_word' id='word_1_103' title='bbox 375 1045 424 1085; x_wconf 80' lang='lat' dir='ltr'>V.⁵1</span> <span class='ocrx_word' id='word_1_104' title='bbox 438 1045 461 1085; x_wconf 90' lang='lat' dir='ltr'>et</span> <span class='ocrx_word' id='word_1_105' title='bbox 473 1043 555 1085; x_wconf 90' lang='lat' dir='ltr'>saltem</span> <span class='ocrx_word' id='word_1_106' title='bbox 567 1044 657 1085; x_wconf 86' lang='lat' dir='ltr'>ratione</span> <span class='ocrx_word' id='word_1_107' title='bbox 670 1044 846 1086; x_wconf 84' lang='lat' dir='ltr'>consuetudinis</span> <span class='ocrx_word' id='word_1_108' title='bbox 860 1058 871 1085; x_wconf 79' lang='lat' dir='ltr'>n</span> <span class='ocrx_word' id='word_1_109' title='bbox 882 1044 984 1085; x_wconf 82' lang='lat' dir='ltr'>officium</span> 
     </span>
     <span class='ocr_line' id='line_1_14' title="bbox 83 1117 985 1170; baseline 0.003 -12"><span class='ocrx_word' id='word_1_110' title='bbox 83 1120 227 1160; x_wconf 80' lang='lat' dir='ltr'>morinorum</span> <span class='ocrx_word' id='word_1_111' title='bbox 244 1120 305 1170; x_wconf 84' lang='lat' dir='ltr'>quod</span> <span class='ocrx_word' id='word_1_112' title='bbox 320 1118 407 1160; x_wconf 88' lang='lat' dir='ltr'>dieitur</span> <span class='ocrx_word' id='word_1_113' title='bbox 424 1118 492 1160; x_wconf 88' lang='lat' dir='ltr'>semel</span> <span class='ocrx_word' id='word_1_114' title='bbox 508 1117 533 1159; x_wconf 90' lang='lat' dir='ltr'>in</span> <span class='ocrx_word' id='word_1_115' title='bbox 550 1119 679 1170; x_wconf 87' lang='lat' dir='ltr'>septimana</span> <span class='ocrx_word' id='word_1_116' title='bbox 695 1118 720 1159; x_wconf 89' lang='lat' dir='ltr'>in</span> <span class='ocrx_word' id='word_1_117' title='bbox 737 1121 852 1161; x_wconf 89' lang='lat' dir='ltr'>conventu</span> <span class='ocrx_word' id='word_1_118' title='bbox 862 1120 894 1160; x_wconf 81' lang='lat'>»⁵²</span> <span class='ocrx_word' id='word_1_119' title='bbox 910 1131 985 1161; x_wconf 88' lang='lat' dir='ltr'>acces-</span> 
     </span>
     <span class='ocr_line' id='line_1_15' title="bbox 84 1179 984 1246; baseline 0.002 -12"><span class='ocrx_word' id='word_1_120' title='bbox 84 1195 171 1234; x_wconf 81' lang='lat' dir='ltr'>serant.</span> <span class='ocrx_word' id='word_1_121' title='bbox 192 1192 309 1246; x_wconf 84' lang='lat' dir='ltr'>Obligatio</span> <span class='ocrx_word' id='word_1_122' title='bbox 328 1194 358 1235; x_wconf 88' lang='lat' dir='ltr'>ad</span> <span class='ocrx_word' id='word_1_123' title='bbox 377 1193 522 1235; x_wconf 88' lang='lat' dir='ltr'>recitandum</span> <span class='ocrx_word' id='word_1_124' title='bbox 540 1193 641 1234; x_wconf 77' lang='lat' dir='ltr'>officium</span> <span class='ocrx_word' id='word_1_125' title='bbox 660 1192 765 1234; x_wconf 89' lang='lat' dir='ltr'>divinum</span> <span class='ocrx_word' id='word_1_126' title='bbox 783 1179 871 1235; x_wconf 84' lang='lat' dir='ltr'>iratres</span> <span class='ocrx_word' id='word_1_127' title='bbox 889 1193 984 1236; x_wconf 90' lang='lat' dir='ltr'>clericos</span> 
     </span>
     <span class='ocr_line' id='line_1_16' title="bbox 82 1266 984 1319; baseline 0.001 -11"><span class='ocrx_word' id='word_1_128' title='bbox 82 1269 106 1308; x_wconf 91' lang='lat' dir='ltr'>et</span> <span class='ocrx_word' id='word_1_129' title='bbox 120 1268 252 1308; x_wconf 86' lang='lat' dir='ltr'>sacerdotes</span> <span class='ocrx_word' id='word_1_130' title='bbox 265 1266 418 1309; x_wconf 79' lang='lat' dir='ltr'>obstrinxit⁵³.</span> <span class='ocrx_word' id='word_1_131' title='bbox 435 1268 467 1308; x_wconf 85' lang='lat' dir='ltr'>At</span> <span class='ocrx_word' id='word_1_132' title='bbox 482 1266 674 1319; x_wconf 86' lang='lat' dir='ltr'>«praedicatores</span> <span class='ocrx_word' id='word_1_133' title='bbox 688 1268 724 1309; x_wconf 89' lang='lat' dir='ltr'>vel</span> <span class='ocrx_word' id='word_1_134' title='bbox 739 1266 878 1309; x_wconf 86' lang='lat' dir='ltr'>itinerantes</span> <span class='ocrx_word' id='word_1_135' title='bbox 892 1280 944 1309; x_wconf 92' lang='lat' dir='ltr'>cum</span> <span class='ocrx_word' id='word_1_136' title='bbox 959 1267 984 1308; x_wconf 90' lang='lat' dir='ltr'>in</span> 
     </span>
     <span class='ocr_line' id='line_1_17' title="bbox 82 1340 987 1394; baseline 0.001 -12"><span class='ocrx_word' id='word_1_137' title='bbox 82 1340 119 1383; x_wconf 85' lang='lat' dir='ltr'>via</span> <span class='ocrx_word' id='word_1_138' title='bbox 133 1340 257 1390; x_wconf 83' lang='lat' dir='ltr'>exsistunt,</span> <span class='ocrx_word' id='word_1_139' title='bbox 273 1340 376 1382; x_wconf 83' lang='lat' dir='ltr'>officium</span> <span class='ocrx_word' id='word_1_140' title='bbox 390 1353 456 1388; x_wconf 90' lang='lat' dir='ltr'>suum</span> <span class='ocrx_word' id='word_1_141' title='bbox 470 1340 550 1382; x_wconf 88' lang='lat' dir='ltr'>dicant</span> <span class='ocrx_word' id='word_1_142' title='bbox 563 1342 631 1393; x_wconf 91' lang='lat' dir='ltr'>prout</span> <span class='ocrx_word' id='word_1_143' title='bbox 645 1341 723 1383; x_wconf 87' lang='lat' dir='ltr'>sciunt</span> <span class='ocrx_word' id='word_1_144' title='bbox 736 1342 772 1383; x_wconf 89' lang='lat' dir='ltr'>vel</span> <span class='ocrx_word' id='word_1_145' title='bbox 785 1344 885 1394; x_wconf 87' lang='lat' dir='ltr'>possunt</span> <span class='ocrx_word' id='word_1_146' title='bbox 898 1344 921 1383; x_wconf 94' lang='lat' dir='ltr'>et</span> <span class='ocrx_word' id='word_1_147' title='bbox 935 1342 987 1384; x_wconf 87' lang='lat' dir='ltr'>sint</span> 
     </span>
     <span class='ocr_line' id='line_1_18' title="bbox 82 1411 983 1474; baseline 0.001 -17"><span class='ocrx_word' id='word_1_148' title='bbox 82 1415 186 1457; x_wconf 87' lang='lat' dir='ltr'>contenti</span> <span class='ocrx_word' id='word_1_149' title='bbox 203 1411 282 1457; x_wconf 55' lang='lat' dir='ltr'>oilicio&#39;</span> <span class='ocrx_word' id='word_1_150' title='bbox 296 1414 447 1474; x_wconf 86' lang='lat' dir='ltr'>ecclesiarum</span> <span class='ocrx_word' id='word_1_151' title='bbox 461 1415 491 1456; x_wconf 89' lang='lat' dir='ltr'>ad</span> <span class='ocrx_word' id='word_1_152' title='bbox 507 1426 564 1467; x_wconf 88' lang='lat' dir='ltr'>quas</span> <span class='ocrx_word' id='word_1_153' title='bbox 580 1415 714 1467; x_wconf 87' lang='lat' dir='ltr'>quandoque</span> <span class='ocrx_word' id='word_1_154' title='bbox 731 1415 850 1456; x_wconf 89' lang='lat' dir='ltr'>declinant</span> <span class='ocrx_word' id='word_1_155' title='bbox 860 1416 900 1468; x_wconf 78' lang='lat'>»⁵⁴,</span> <span class='ocrx_word' id='word_1_156' title='bbox 918 1416 983 1458; x_wconf 88' lang='lat' dir='ltr'>Pres-</span> 
     </span>
     <span class='ocr_line' id='line_1_19' title="bbox 82 1478 982 1532; baseline -0.001 -1"><span class='ocrx_word' id='word_1_157' title='bbox 82 1490 130 1531; x_wconf 82' lang='lat' dir='ltr'>sius</span> <span class='ocrx_word' id='word_1_158' title='bbox 145 1489 288 1532; x_wconf 90' lang='lat' dir='ltr'>Humbertus</span> <span class='ocrx_word' id='word_1_159' title='bbox 303 1489 329 1530; x_wconf 88' lang='lat' dir='ltr'>in</span> <span class='ocrx_word' id='word_1_160' title='bbox 344 1490 393 1531; x_wconf 91' lang='lat' dir='ltr'>suis</span> <span class='ocrx_word' id='word_1_161' title='bbox 405 1488 578 1531; x_wconf 87' lang='lat' dir='ltr'>commentariis</span> <span class='ocrx_word' id='word_1_162' title='bbox 594 1491 621 1530; x_wconf 92' lang='lat' dir='ltr'>de</span> <span class='ocrx_word' id='word_1_163' title='bbox 636 1489 809 1531; x_wconf 84' lang='lat' dir='ltr'>conditionibus</span> <span class='ocrx_word' id='word_1_164' title='bbox 825 1489 917 1531; x_wconf 89' lang='lat' dir='ltr'>dicendi</span> <span class='ocrx_word' id='word_1_165' title='bbox 930 1478 982 1530; x_wconf 84' lang='lat' dir='ltr'>oili-</span> 
     </span>
     <span class='ocr_line' id='line_1_20' title="bbox 82 1562 983 1617; baseline 0.003 -14"><span class='ocrx_word' id='word_1_166' title='bbox 82 1563 142 1604; x_wconf 83' lang='lat' dir='ltr'>cium</span> <span class='ocrx_word' id='word_1_167' title='bbox 157 1565 224 1604; x_wconf 86' lang='lat' dir='ltr'>extra</span> <span class='ocrx_word' id='word_1_168' title='bbox 238 1563 333 1605; x_wconf 88' lang='lat' dir='ltr'>chorum</span> <span class='ocrx_word' id='word_1_169' title='bbox 347 1562 451 1616; x_wconf 87' lang='lat' dir='ltr'>loquitur</span> <span class='ocrx_word' id='word_1_170' title='bbox 465 1563 490 1604; x_wconf 91' lang='lat' dir='ltr'>in</span> <span class='ocrx_word' id='word_1_171' title='bbox 505 1563 553 1605; x_wconf 89' lang='lat' dir='ltr'>eius</span> <span class='ocrx_word' id='word_1_172' title='bbox 568 1565 649 1605; x_wconf 82' lang='lat' dir='ltr'>exacta</span> <span class='ocrx_word' id='word_1_173' title='bbox 664 1566 688 1604; x_wconf 90' lang='lat' dir='ltr'>et</span> <span class='ocrx_word' id='word_1_174' title='bbox 702 1563 812 1616; x_wconf 85' lang='lat' dir='ltr'>religiosa</span> <span class='ocrx_word' id='word_1_175' title='bbox 826 1564 983 1617; x_wconf 82' lang='lat' dir='ltr'>persolutione</span> 
     </span>
     <span class='ocr_line' id='line_1_21' title="bbox 81 1637 982 1697; baseline 0.001 -19"><span class='ocrx_word' id='word_1_176' title='bbox 81 1637 198 1697; x_wconf 85' lang='lat' dir='ltr'>insistens.</span> <span class='ocrx_word' id='word_1_177' title='bbox 214 1651 224 1677; x_wconf 80' lang='lat' dir='ltr'>n</span> <span class='ocrx_word' id='word_1_178' title='bbox 236 1638 293 1679; x_wconf 75' lang='lat' dir='ltr'>Cum</span> <span class='ocrx_word' id='word_1_179' title='bbox 306 1638 367 1680; x_wconf 91' lang='lat' dir='ltr'>enim</span> <span class='ocrx_word' id='word_1_180' title='bbox 379 1638 479 1680; x_wconf 87' lang='lat' dir='ltr'>habeant</span> <span class='ocrx_word' id='word_1_181' title='bbox 491 1639 576 1679; x_wconf 81' lang='lat' dir='ltr'>tratres</span> <span class='ocrx_word' id='word_1_182' title='bbox 589 1637 675 1678; x_wconf 88' lang='lat' dir='ltr'>multas</span> <span class='ocrx_word' id='word_1_183' title='bbox 688 1637 820 1679; x_wconf 87' lang='lat' dir='ltr'>occasiones</span> <span class='ocrx_word' id='word_1_184' title='bbox 833 1637 924 1679; x_wconf 88' lang='lat' dir='ltr'>dicendi</span> <span class='ocrx_word' id='word_1_185' title='bbox 937 1639 982 1679; x_wconf 80' lang='lat' dir='ltr'>fre-</span> 
     </span>
     <span class='ocr_line' id='line_1_22' title="bbox 80 1695 982 1772; baseline 0.001 -20"><span class='ocrx_word' id='word_1_186' title='bbox 80 1712 177 1764; x_wconf 79' lang='lat' dir='ltr'>quenter</span> <span class='ocrx_word' id='word_1_187' title='bbox 190 1711 294 1753; x_wconf 85' lang='lat' dir='ltr'>cilicium</span> <span class='ocrx_word' id='word_1_188' title='bbox 308 1715 374 1753; x_wconf 81' lang='lat' dir='ltr'>extra</span> <span class='ocrx_word' id='word_1_189' title='bbox 388 1711 482 1772; x_wconf 91' lang='lat' dir='ltr'>chorum</span> <span class='ocrx_word' id='word_1_190' title='bbox 496 1713 519 1753; x_wconf 92' lang='lat' dir='ltr'>et</span> <span class='ocrx_word' id='word_1_191' title='bbox 533 1710 632 1753; x_wconf 85' lang='lat' dir='ltr'>maxima</span> <span class='ocrx_word' id='word_1_192' title='bbox 646 1723 701 1764; x_wconf 89' lang='lat' dir='ltr'>pars</span> <span class='ocrx_word' id='word_1_193' title='bbox 716 1695 875 1763; x_wconf 83' lang='lat' dir='ltr'>paenitentiae</span> <span class='ocrx_word' id='word_1_194' title='bbox 888 1714 982 1753; x_wconf 89' lang='lat' dir='ltr'>nostrae</span> 
     </span>
     <span class='ocr_line' id='line_1_23' title="bbox 81 1784 980 1837; baseline 0 -11"><span class='ocrx_word' id='word_1_195' title='bbox 81 1785 195 1827; x_wconf 89' lang='lat' dir='ltr'>consistat</span> <span class='ocrx_word' id='word_1_196' title='bbox 208 1785 233 1825; x_wconf 89' lang='lat' dir='ltr'>in</span> <span class='ocrx_word' id='word_1_197' title='bbox 247 1785 324 1827; x_wconf 86' lang='lat' dir='ltr'>officio</span> <span class='ocrx_word' id='word_1_198' title='bbox 339 1785 443 1837; x_wconf 86' lang='lat' dir='ltr'>dicendo,</span> <span class='ocrx_word' id='word_1_199' title='bbox 459 1785 498 1837; x_wconf 89' lang='lat' dir='ltr'>qui</span> <span class='ocrx_word' id='word_1_200' title='bbox 511 1785 570 1827; x_wconf 90' lang='lat' dir='ltr'>male</span> <span class='ocrx_word' id='word_1_201' title='bbox 584 1784 664 1826; x_wconf 88' lang='lat' dir='ltr'>dicunt</span> <span class='ocrx_word' id='word_1_202' title='bbox 679 1787 746 1826; x_wconf 83' lang='lat' dir='ltr'>extra</span> <span class='ocrx_word' id='word_1_203' title='bbox 760 1785 855 1826; x_wconf 90' lang='lat' dir='ltr'>chorum</span> <span class='ocrx_word' id='word_1_204' title='bbox 870 1785 980 1833; x_wconf 76' lang='lat' dir='ltr'>officium,</span> 
     </span>
     <span class='ocr_line' id='line_1_24' title="bbox 81 1858 776 1911; baseline 0 -12"><span class='ocrx_word' id='word_1_205' title='bbox 81 1858 204 1900; x_wconf 82' lang='lat' dir='ltr'>maximam</span> <span class='ocrx_word' id='word_1_206' title='bbox 218 1861 308 1910; x_wconf 88' lang='lat' dir='ltr'>partem</span> <span class='ocrx_word' id='word_1_207' title='bbox 322 1858 479 1911; x_wconf 89' lang='lat' dir='ltr'>paenitentiae</span> <span class='ocrx_word' id='word_1_208' title='bbox 492 1871 547 1901; x_wconf 91' lang='lat' dir='ltr'>suae</span> <span class='ocrx_word' id='word_1_209' title='bbox 560 1859 619 1900; x_wconf 89' lang='lat' dir='ltr'>male</span> <span class='ocrx_word' id='word_1_210' title='bbox 632 1859 724 1900; x_wconf 80' lang='lat' dir='ltr'>iaciunt</span> <span class='ocrx_word' id='word_1_211' title='bbox 735 1860 776 1899; x_wconf 81' lang='lat'>»⁵⁵.</span> 
     </span>
     <span class='ocr_line' id='line_1_25' title="bbox 136 1931 981 1985; baseline 0 -11"><span class='ocrx_word' id='word_1_212' title='bbox 136 1932 333 1985; x_wconf 79' lang='lat' dir='ltr'>Consignata,est</span> <span class='ocrx_word' id='word_1_213' title='bbox 353 1932 498 1974; x_wconf 88' lang='lat' dir='ltr'>dominicana</span> <span class='ocrx_word' id='word_1_214' title='bbox 517 1931 614 1985; x_wconf 75' lang='lat' dir='ltr'>liturgia</span> <span class='ocrx_word' id='word_1_215' title='bbox 633 1932 700 1974; x_wconf 83' lang='lat' dir='ltr'>iuxta</span> <span class='ocrx_word' id='word_1_216' title='bbox 720 1932 889 1975; x_wconf 85' lang='lat' dir='ltr'>ordinationem</span> <span class='ocrx_word' id='word_1_217' title='bbox 909 1934 981 1975; x_wconf 88' lang='lat' dir='ltr'>Hum-</span> 
     </span>
     <span class='ocr_line' id='line_1_26' title="bbox 82 2006 980 2066; baseline 0.002 -20"><span class='ocrx_word' id='word_1_218' title='bbox 82 2006 195 2047; x_wconf 84' lang='lat' dir='ltr'>bcrtinam</span> <span class='ocrx_word' id='word_1_219' title='bbox 209 2006 234 2047; x_wconf 91' lang='lat' dir='ltr'>in</span> <span class='ocrx_word' id='word_1_220' title='bbox 249 2006 326 2048; x_wconf 88' lang='lat' dir='ltr'>codice</span> <span class='ocrx_word' id='word_1_221' title='bbox 341 2007 473 2058; x_wconf 84' lang='lat' dir='ltr'>archetypo,</span> <span class='ocrx_word' id='word_1_222' title='bbox 490 2006 529 2058; x_wconf 82' lang='lat' dir='ltr'>qui</span> <span class='ocrx_word' id='word_1_223' title='bbox 543 2007 573 2048; x_wconf 88' lang='lat' dir='ltr'>ad</span> <span class='ocrx_word' id='word_1_224' title='bbox 587 2006 704 2058; x_wconf 75' lang='lat' dir='ltr'>exemplar</span> <span class='ocrx_word' id='word_1_225' title='bbox 719 2006 804 2049; x_wconf 91' lang='lat' dir='ltr'>codicis</span> <span class='ocrx_word' id='word_1_226' title='bbox 819 2006 980 2066; x_wconf 77' lang='lat' dir='ltr'>Gisterciensis</span> 
     </span>
     <span class='ocr_line' id='line_1_27' title="bbox 80 2079 981 2133; baseline 0.001 -14"><span class='ocrx_word' id='word_1_227' title='bbox 80 2079 141 2121; x_wconf 86' lang='lat' dir='ltr'>ritus</span> <span class='ocrx_word' id='word_1_228' title='bbox 151 2082 175 2121; x_wconf 90' lang='lat' dir='ltr'>et</span> <span class='ocrx_word' id='word_1_229' title='bbox 185 2080 363 2122; x_wconf 86' lang='lat' dir='ltr'>consuetudines</span> <span class='ocrx_word' id='word_1_230' title='bbox 374 2081 486 2133; x_wconf 87' lang='lat' dir='ltr'>praebens</span> <span class='ocrx_word' id='word_1_231' title='bbox 496 2081 602 2132; x_wconf 81' lang='lat' dir='ltr'>vergente</span> <span class='ocrx_word' id='word_1_232' title='bbox 614 2080 705 2121; x_wconf 91' lang='lat' dir='ltr'>saeculo</span> <span class='ocrx_word' id='word_1_233' title='bbox 717 2080 761 2121; x_wconf 86' lang='lat' dir='ltr'>XII</span> <span class='ocrx_word' id='word_1_234' title='bbox 773 2081 924 2121; x_wconf 69' lang='lat' dir='ltr'>coniectum⁵⁵</span> <span class='ocrx_word' id='word_1_235' title='bbox 934 2082 981 2121; x_wconf 83' lang='lat' dir='ltr'>ior-</span> 
     </span>
     <span class='ocr_line' id='line_1_28' title="bbox 79 2149 981 2206; baseline 0.004 -15"><span class='ocrx_word' id='word_1_236' title='bbox 79 2155 157 2195; x_wconf 89' lang='lat' dir='ltr'>matus</span> <span class='ocrx_word' id='word_1_237' title='bbox 176 2156 219 2206; x_wconf 80' lang='lat' dir='ltr'>cst,</span> <span class='ocrx_word' id='word_1_238' title='bbox 240 2154 280 2196; x_wconf 89' lang='grc'>500</span> <span class='ocrx_word' id='word_1_239' title='bbox 299 2153 364 2195; x_wconf 81' lang='lat' dir='ltr'>foliis</span> <span class='ocrx_word' id='word_1_240' title='bbox 384 2152 569 2206; x_wconf 82' lang='lat' dir='ltr'>membranaceis,</span> <span class='ocrx_word' id='word_1_241' title='bbox 591 2149 758 2205; x_wconf 77' lang='lat' dir='ltr'>magnitudinis</span> <span class='ocrx_word' id='word_1_242' title='bbox 779 2153 845 2195; x_wconf 74' lang='lat' dir='ltr'>esser</span> <span class='ocrx_word' id='word_1_243' title='bbox 864 2166 907 2194; x_wconf 89' lang='lat' dir='ltr'>cm.</span> <span class='ocrx_word' id='word_1_244' title='bbox 929 2166 981 2195; x_wconf 87' lang='lat' dir='ltr'>con-</span> 
     </span>
     <span class='ocr_line' id='line_1_29' title="bbox 79 2226 980 2280; baseline 0.002 -14"><span class='ocrx_word' id='word_1_245' title='bbox 79 2228 171 2267; x_wconf 81' lang='lat' dir='ltr'>stans⁵⁷.</span> <span class='ocrx_word' id='word_1_246' title='bbox 187 2226 291 2269; x_wconf 87' lang='lat' dir='ltr'>Litterae</span> <span class='ocrx_word' id='word_1_247' title='bbox 306 2228 376 2268; x_wconf 90' lang='lat' dir='ltr'>huius</span> <span class='ocrx_word' id='word_1_248' title='bbox 390 2227 509 2280; x_wconf 75' lang='lat' dir='ltr'>prototypi</span> <span class='ocrx_word' id='word_1_249' title='bbox 523 2239 604 2268; x_wconf 84' lang='lat' dir='ltr'>manns</span> <span class='ocrx_word' id='word_1_250' title='bbox 620 2226 797 2278; x_wconf 86' lang='lat' dir='ltr'>scriptoriorum</span> <span class='ocrx_word' id='word_1_251' title='bbox 812 2227 980 2269; x_wconf 89' lang='lat' dir='ltr'>Parisiensinm</span> 
     </span>
     <span class='ocr_line' id='line_1_30' title="bbox 79 2298 980 2352; baseline -0.001 -11"><span class='ocrx_word' id='word_1_252' title='bbox 79 2299 193 2341; x_wconf 82' lang='lat' dir='ltr'>exhibent.</span> <span class='ocrx_word' id='word_1_253' title='bbox 208 2301 276 2343; x_wconf 80' lang='lat' dir='ltr'>Anno</span> <span class='ocrx_word' id='word_1_254' title='bbox 289 2302 344 2343; x_wconf 81' lang='lat'>1254</span> <span class='ocrx_word' id='word_1_255' title='bbox 356 2301 460 2343; x_wconf 82' lang='lat' dir='ltr'>exaratio</span> <span class='ocrx_word' id='word_1_256' title='bbox 472 2300 534 2342; x_wconf 88' lang='lat' dir='ltr'>tanti</span> <span class='ocrx_word' id='word_1_257' title='bbox 546 2300 631 2342; x_wconf 86' lang='lat' dir='ltr'>codicis</span> <span class='ocrx_word' id='word_1_258' title='bbox 644 2300 753 2352; x_wconf 87' lang='lat' dir='ltr'>incoepta</span> <span class='ocrx_word' id='word_1_259' title='bbox 765 2302 789 2342; x_wconf 91' lang='lat' dir='ltr'>et</span> <span class='ocrx_word' id='word_1_260' title='bbox 801 2298 881 2342; x_wconf 88' lang='lat' dir='ltr'>versus</span> <span class='ocrx_word' id='word_1_261' title='bbox 894 2313 980 2342; x_wconf 86' lang='lat' dir='ltr'>annum</span> 
     </span>
     <span class='ocr_line' id='line_1_31' title="bbox 79 2372 979 2416; baseline 0.001 -1"><span class='ocrx_word' id='word_1_262' title='bbox 79 2374 132 2415; x_wconf 75' lang='lat' dir='ltr'>luto</span> <span class='ocrx_word' id='word_1_263' title='bbox 146 2372 254 2414; x_wconf 84' lang='lat' dir='ltr'>absoluta</span> <span class='ocrx_word' id='word_1_264' title='bbox 269 2376 311 2415; x_wconf 90' lang='lat' dir='ltr'>est.</span> <span class='ocrx_word' id='word_1_265' title='bbox 329 2374 438 2416; x_wconf 77' lang='lat' dir='ltr'>Continet</span> <span class='ocrx_word' id='word_1_266' title='bbox 453 2373 513 2415; x_wconf 90' lang='lat' dir='ltr'>enim</span> <span class='ocrx_word' id='word_1_267' title='bbox 527 2374 602 2415; x_wconf 88' lang='lat' dir='ltr'>adhuc</span> <span class='ocrx_word' id='word_1_268' title='bbox 616 2373 678 2414; x_wconf 88' lang='lat' dir='ltr'>inter</span> <span class='ocrx_word' id='word_1_269' title='bbox 693 2373 873 2416; x_wconf 89' lang='lat' dir='ltr'>constitutiones</span> <span class='ocrx_word' id='word_1_270' title='bbox 889 2376 979 2416; x_wconf 85' lang='lat' dir='ltr'>statuta</span> 
     </span>
     <span class='ocr_line' id='line_1_32' title="bbox 79 2447 979 2500; baseline -0.001 -11"><span class='ocrx_word' id='word_1_271' title='bbox 79 2447 182 2499; x_wconf 87' lang='lat' dir='ltr'>capitula</span> <span class='ocrx_word' id='word_1_272' title='bbox 202 2447 317 2498; x_wconf 81' lang='lat' dir='ltr'>generalis</span> <span class='ocrx_word' id='word_1_273' title='bbox 337 2448 475 2489; x_wconf 88' lang='lat' dir='ltr'>Valencenis</span> <span class='ocrx_word' id='word_1_274' title='bbox 495 2447 570 2489; x_wconf 90' lang='lat' dir='ltr'>habiti</span> <span class='ocrx_word' id='word_1_275' title='bbox 589 2448 662 2488; x_wconf 73' lang='grc'>125958</span> <span class='ocrx_word' id='word_1_276' title='bbox 685 2448 713 2488; x_wconf 88' lang='lat' dir='ltr'>In</span> <span class='ocrx_word' id='word_1_277' title='bbox 733 2447 811 2489; x_wconf 81' lang='lat' dir='ltr'>fronte</span> <span class='ocrx_word' id='word_1_278' title='bbox 832 2449 979 2500; x_wconf 85' lang='lat' dir='ltr'>tetragonum</span> 
     </span>
     <span class='ocr_line' id='line_1_33' title="bbox 79 2520 979 2574; baseline 0.001 -13"><span class='ocrx_word' id='word_1_279' title='bbox 79 2520 190 2573; x_wconf 83' lang='lat' dir='ltr'>quoddam</span> <span class='ocrx_word' id='word_1_280' title='bbox 206 2523 349 2574; x_wconf 70' lang='lat' dir='ltr'>praesentat,</span> <span class='ocrx_word' id='word_1_281' title='bbox 364 2521 389 2561; x_wconf 87' lang='lat' dir='ltr'>in</span> <span class='ocrx_word' id='word_1_282' title='bbox 402 2521 468 2563; x_wconf 77' lang='lat' dir='ltr'>cinus</span> <span class='ocrx_word' id='word_1_283' title='bbox 482 2521 594 2563; x_wconf 88' lang='lat' dir='ltr'>lateribus</span> <span class='ocrx_word' id='word_1_284' title='bbox 608 2521 693 2562; x_wconf 87' lang='lat' dir='ltr'>titulus</span> <span class='ocrx_word' id='word_1_285' title='bbox 708 2521 783 2563; x_wconf 89' lang='lat' dir='ltr'>totius</span> <span class='ocrx_word' id='word_1_286' title='bbox 797 2520 872 2573; x_wconf 88' lang='lat' dir='ltr'>operis</span> <span class='ocrx_word' id='word_1_287' title='bbox 886 2521 979 2562; x_wconf 87' lang='lat' dir='ltr'>charac-</span> 
     </span>
     <span class='ocr_line' id='line_1_34' title="bbox 78 2593 979 2650; baseline 0 -14"><span class='ocrx_word' id='word_1_288' title='bbox 78 2595 166 2636; x_wconf 88' lang='lat' dir='ltr'>teribus</span> <span class='ocrx_word' id='word_1_289' title='bbox 182 2593 317 2636; x_wconf 88' lang='lat' dir='ltr'>maiusculis</span> <span class='ocrx_word' id='word_1_290' title='bbox 331 2593 462 2636; x_wconf 89' lang='lat' dir='ltr'>indicatur:</span> <span class='ocrx_word' id='word_1_291' title='bbox 482 2594 669 2636; x_wconf 80' lang='lat' dir='ltr'>Ecclesiastieum</span> <span class='ocrx_word' id='word_1_292' title='bbox 685 2593 788 2650; x_wconf 87' lang='lat' dir='ltr'>officium</span> <span class='ocrx_word' id='word_1_293' title='bbox 804 2595 929 2636; x_wconf 92' lang='lat' dir='ltr'>secundum</span> <span class='ocrx_word' id='word_1_294' title='bbox 944 2607 979 2636; x_wconf 91' lang='lat' dir='ltr'>or-</span> 
     </span>
     <span class='ocr_line' id='line_1_35' title="bbox 23 2667 979 2721; baseline -0.001 -12"><span class='ocrx_word' id='word_1_295' title='bbox 23 2670 25 2673; x_wconf 55' lang='lat'><strong>⁴</strong></span> <span class='ocrx_word' id='word_1_296' title='bbox 79 2669 154 2709; x_wconf 87' lang='lat' dir='ltr'>dinem</span> <span class='ocrx_word' id='word_1_297' title='bbox 167 2669 268 2708; x_wconf 77' lang='lat' dir='ltr'>fratrum</span> <span class='ocrx_word' id='word_1_298' title='bbox 282 2667 473 2710; x_wconf 86' lang='lat' dir='ltr'>Praedicatorum</span> <span class='ocrx_word' id='word_1_299' title='bbox 486 2668 511 2709; x_wconf 90' lang='lat' dir='ltr'>in</span> <span class='ocrx_word' id='word_1_300' title='bbox 524 2668 566 2709; x_wconf 91' lang='lat' dir='ltr'>hoc</span> <span class='ocrx_word' id='word_1_301' title='bbox 579 2668 694 2709; x_wconf 87' lang='lat' dir='ltr'>volumine</span> <span class='ocrx_word' id='word_1_302' title='bbox 708 2680 750 2721; x_wconf 91' lang='lat' dir='ltr'>per</span> <span class='ocrx_word' id='word_1_303' title='bbox 764 2668 938 2720; x_wconf 90' lang='lat' dir='ltr'>quatuordecim</span> <span class='ocrx_word' id='word_1_304' title='bbox 952 2668 979 2708; x_wconf 90' lang='lat' dir='ltr'>li-</span> 
     </span>
     <span class='ocr_line' id='line_1_36' title="bbox 78 2740 979 2794; baseline 0.004 -15"><span class='ocrx_word' id='word_1_305' title='bbox 78 2744 130 2784; x_wconf 86' lang='lat' dir='ltr'>bros</span> <span class='ocrx_word' id='word_1_306' title='bbox 141 2741 277 2783; x_wconf 88' lang='lat' dir='ltr'>distinctum</span> <span class='ocrx_word' id='word_1_307' title='bbox 287 2740 329 2781; x_wconf 94' lang='lat' dir='ltr'>hoc</span> <span class='ocrx_word' id='word_1_308' title='bbox 339 2740 426 2782; x_wconf 88' lang='lat' dir='ltr'>ordine.</span> <span class='ocrx_word' id='word_1_309' title='bbox 438 2742 484 2791; x_wconf 76' lang='lat' dir='ltr'>aui</span> <span class='ocrx_word' id='word_1_310' title='bbox 494 2742 550 2784; x_wconf 89' lang='lat' dir='ltr'>ordo</span> <span class='ocrx_word' id='word_1_311' title='bbox 560 2742 584 2782; x_wconf 88' lang='lat' dir='ltr'>in</span> <span class='ocrx_word' id='word_1_312' title='bbox 595 2741 671 2794; x_wconf 85' lang='lat' dir='ltr'>spatio</span> <span class='ocrx_word' id='word_1_313' title='bbox 682 2741 781 2783; x_wconf 89' lang='lat' dir='ltr'>centrali</span> <span class='ocrx_word' id='word_1_314' title='bbox 791 2742 881 2794; x_wconf 88' lang='lat' dir='ltr'>pariter</span> <span class='ocrx_word' id='word_1_315' title='bbox 892 2742 979 2784; x_wconf 89' lang='lat' dir='ltr'>litteris</span> 
     </span>
     <span class='ocr_line' id='line_1_37' title="bbox 79 2814 977 2868; baseline 0.001 -13"><span class='ocrx_word' id='word_1_316' title='bbox 79 2815 214 2857; x_wconf 76' lang='lat' dir='ltr'>inairrsculis</span> <span class='ocrx_word' id='word_1_317' title='bbox 233 2814 314 2856; x_wconf 88' lang='lat' dir='ltr'>taliter</span> <span class='ocrx_word' id='word_1_318' title='bbox 335 2815 454 2855; x_wconf 90' lang='lat' dir='ltr'>censetur:</span> <span class='ocrx_word' id='word_1_319' title='bbox 479 2815 629 2857; x_wconf 76' lang='lat' dir='ltr'>ordinarium</span> <span class='ocrx_word' id='word_1_320' title='bbox 650 2816 844 2868; x_wconf 77' lang='lat' dir='ltr'>Martyrologium</span> <span class='ocrx_word' id='word_1_321' title='bbox 865 2816 977 2857; x_wconf 69' lang='lat' dir='ltr'>collecta-</span> 
     </span>
     <span class='ocr_line' id='line_1_38' title="bbox 77 2886 977 2931; baseline -0.002 -1"><span class='ocrx_word' id='word_1_322' title='bbox 77 2890 138 2930; x_wconf 82' lang='lat' dir='ltr'>rium</span> <span class='ocrx_word' id='word_1_323' title='bbox 158 2886 370 2930; x_wconf 88' lang='lat' dir='ltr'>Processionarium</span> <span class='ocrx_word' id='word_1_324' title='bbox 390 2887 531 2929; x_wconf 88' lang='lat' dir='ltr'>Psalterium</span> <span class='ocrx_word' id='word_1_325' title='bbox 552 2888 698 2931; x_wconf 87' lang='lat' dir='ltr'>Breviarium</span> <span class='ocrx_word' id='word_1_326' title='bbox 718 2888 890 2931; x_wconf 86' lang='lat' dir='ltr'>Lectionarium</span> <span class='ocrx_word' id='word_1_327' title='bbox 911 2889 977 2929; x_wconf 82' lang='lat' dir='ltr'>Anti-</span> 
     </span>
     <span class='ocr_line' id='line_1_39' title="bbox 77 2959 984 3015; baseline -0.003 -12"><span class='ocrx_word' id='word_1_328' title='bbox 77 2963 215 3014; x_wconf 85' lang='lat' dir='ltr'>phonarinm</span> <span class='ocrx_word' id='word_1_329' title='bbox 230 2961 347 3005; x_wconf 79' lang='lat' dir='ltr'>Graduale</span> <span class='ocrx_word' id='word_1_330' title='bbox 361 2959 518 3012; x_wconf 90' lang='lat' dir='ltr'>Pulpitarium</span> <span class='ocrx_word' id='word_1_331' title='bbox 534 2962 627 3003; x_wconf 85' lang='lat' dir='ltr'>Missule</span> <span class='ocrx_word' id='word_1_332' title='bbox 642 2963 794 3004; x_wconf 85' lang='lat' dir='ltr'>conventuale</span> <span class='ocrx_word' id='word_1_333' title='bbox 809 2962 984 3015; x_wconf 72' lang='lat' dir='ltr'>Epistolarium‘</span> 
     </span>
     <span class='ocr_line' id='line_1_40' title="bbox 25 3032 976 3088; baseline -0.004 -11"><span class='ocrx_word' id='word_1_334' title='bbox 25 3041 29 3047; x_wconf 80' lang='grc'><strong>’</strong></span> <span class='ocrx_word' id='word_1_335' title='bbox 77 3036 289 3088; x_wconf 68' lang='lat' dir='ltr'>Evangelistarium</span> <span class='ocrx_word' id='word_1_336' title='bbox 303 3034 397 3077; x_wconf 82' lang='lat' dir='ltr'>blissale</span> <span class='ocrx_word' id='word_1_337' title='bbox 412 3032 525 3074; x_wconf 87' lang='lat' dir='ltr'>minorum</span> <span class='ocrx_word' id='word_1_338' title='bbox 540 3034 678 3076; x_wconf 70' lang='lat' dir='ltr'>altarium-³³.</span> <span class='ocrx_word' id='word_1_339' title='bbox 696 3036 756 3085; x_wconf 82' lang='lat' dir='ltr'>Quia</span> <span class='ocrx_word' id='word_1_340' title='bbox 773 3048 808 3077; x_wconf 89' lang='lat' dir='ltr'>res</span> <span class='ocrx_word' id='word_1_341' title='bbox 823 3038 858 3077; x_wconf 88' lang='lat' dir='ltr'>est</span> <span class='ocrx_word' id='word_1_342' title='bbox 874 3036 901 3076; x_wconf 91' lang='lat' dir='ltr'>de</span> <span class='ocrx_word' id='word_1_343' title='bbox 916 3034 976 3074; x_wconf 85' lang='lat' dir='ltr'>ccdi-</span> 
     </span>
    </p>
   </div>
   <div class='ocr_carea' id='block_1_3' title="bbox 0 0 1056 3187">
    <p class='ocr_par' dir='ltr' id='par_1_3' title="bbox 0 0 1056 3187">
     <span class='ocr_line' id='line_1_41' title="bbox 0 0 1056 3187; baseline 0 2"><span class='ocrx_word' id='word_1_344' title='bbox 0 0 1056 3187; x_wconf 95' lang='lat' dir='ltr'> </span> 
     </span>
    </p>
   </div>
  </div>
 </body>
</html>
