2188 3178
117 52 146 92 20
464 52 556 87 hivclutio
570 55 669 94 gelicidiis

119 178 187 230 pluit.
206 178 373 231 Episcoporum
389 176 454 219 enim-
466 191 494 220 ex
510 180 613 231 tempore
630 181 739 223 ecclesiae
756 179 888 234 primitivae
905 185 956 224 erat
973 196 1023 225 ver»

120 251 175 294 bum
188 252 232 294 Dei
245 257 379 304 proponere.
394 253 423 294 In
435 252 466 295 iis
479 253 543 306 locis,
558 254 589 294 ad
603 265 661 306 quae
675 254 813 308 episcopalis
826 266 869 295 vox
884 265 930 294 non
944 267 1023 307 perve-

120 326 207 379 niebat,
222 326 342 378 episcopus
355 327 484 368 sacerdotes
498 328 521 368 et
534 328 646 379 parochos
658 330 690 369 ad
703 329 883 381 praedicandum
897 327 1021 382 delegavit,

120 401 160 453 qui
170 403 252 442 *autem
268 400 394 452 plurimum
409 400 507 442 seientia
522 402 662 453 competenti
676 403 795 444 carebant.
813 404 861 455 Ope
878 401 969 454 quidem
983 416 1022 444 or-

120 474 200 515 dinum
214 477 240 515 ‘et
252 473 460 527 ‘congregationum
477 474 640 516 canonicorum
658 476 799 528 regularium
814 488 873 518 cura
889 474 1021 517 animarum

119 557 179 589 nova
192 548 335 590 incrementa
347 548 434 590 hausit.
449 549 482 589 At
496 561 523 589 ex
537 548 678 590 limitatione
691 549 793 599 actionis
807 549 938 592 huiusmodi
953 560 1023 591 cano-

118 622 223 662 nicorum
242 622 273 663 ad
285 621 399 663 ¹ecclesias
416 622 523 674 proprias
542 622 613 663 latior
632 614 730 664 eftectus
749 623 931 675 praedicationis
949 622 1021 675 impe

119 696 184 738 ditus
198 695 253 737 ruit.
271 696 315 737 Oui
329 695 472 738 incommodo
489 696 579 748 quidem
595 696 712 742 interdum
729 697 903 748 praedicatores
918 699 1020 738 extraor-

119 769 206 811 dinarii
220 769 354 823 obviarunt,
369 771 411 811 sed
425 773 505 822 'eorum
520 769 599 811 missio
616 781 746 811 successum
762 770 853 811 ieliocm
869 779 915 812 non
932 782 1021 822 semper

118 843 215 884 inuenit.

175 918 375 959 Praedicationem
396 917 557 969 universalem,
580 917 708 970 apostolico
722 918 796 958 ‘modo
818 917 970 970 propositam,
993 918 1030 958 in

48 981 53 988 ’
119 991 204 1032 tutione
220 997 276 1032 *cum
296 990 411 1043 episcopo,
430 990 478 1032 imo
498 990 670 1049 loco-episcopi
691 990 820 1032 dioecesani
838 991 974 1043 exercitam,
996 993 1021 1032 ct

117 1064 169 1105 ideo
195 1077 274 1106 curam
296 1064 428 1105 animarum
453 1064 546 1106 meliore
571 1067 594 1106 et
619 1064 748 1105 efficaciore
773 1064 864 1106 ratione
889 1067 1020 1116 promotam

118 1139 255 1180 Dominicns
271 1138 380 1180 intendit.
398 1139 449 1180 Non
464 1139 538 1179 solam
554 1138 758 1180 collaborationem
774 1138 800 1178 in
816 1149 872 1179 cura
888 1138 1021 1179 animarum

118 1214 158 1254 sed
173 1212 370 1264 praedicationem
385 1213 427 1254 snb
443 1212 569 1264 episcopali
585 1211 711 1253 directione
727 1212 751 1252 in
768 1211 910 1253 dioecesibus
927 1223 968 1262 per
985 1223 1020 1252 01-

118 1289 169 1328 bem
185 1286 281 1338 implere
297 1286 378 1327 voluit.
396 1286 429 1327 Ut
445 1285 482 1326 sui
498 1287 626 1328 sectatores
641 1294 683 1337 pro
700 1286 743 1326 hoc
759 1297 853 1328 munere
870 1284 979 1338 colligere
996 1288 1019 1326 et

118 1372 258 1412 praeparare
272 1371 296 1400 se
311 1362 413 1411 possent,
429 1359 522 1400 domum
537 1360 601 1401 velut
616 1361 720 1400 centrum
736 1358 918 1410 praedicationis
934 1359 1021 1400 consti-

117 1434 172 1475 tuit.
189 1435 260 1484 ‘Quae'
273 1434 362 1486 domus,
376 1433 419 1474 cui
433 1433 507 1474 ‘etiam
525 1435 651 1474 conventus
668 1445 758 1484 nomen,
778 1434 832 1473 ante
850 1431 928 1473 omnia
947 1432 1018 1473 statio

117 1508 310 1560 recipiendorum,
325 1508 506 1556 formandorum,
520 1506 701 1548 ‘emittendorum
714 1505 903 1558 >praedicatorum
918 1518 967 1547 esse
982 1507 1020 1546 de·
1054 1558 1056 1564 Ι

117 1582 176 1623 buit.
187 1581 241 1631 ¹¹Qui
258 1581 403 1622 essentialem
418 1581 577 1621 characterem
594 1579 776 1632 praedicationis
793 1579 935 1632 apostolicae
953 1579 978 1619 in
996 1592 1019 1620 0-

117 1667 179 1708 pere,
195 1658 220 1695 in
234 1657 286 1696 toto
297 1656 393 1706 conatu,
408 1654 433 1694 in
448 1654 578 1695 intentione
592 1656 616 1695 ct
631 1654 711 1695 ordine
728 1655 750 1695 S.
768 1653 885 1694 Dominici
901 1665 947 1693 non
963 1664 1020 1704 pon-

117 1730 192 1778 derat,
208 1728 296 1770 ordinis
307 1730 339 1769 ab
349 1740 378 1770 ‘eo
391 1728 485 1769 fundati
499 1740 577 1769 verum
592 1731 615 1769 et
629 1740 742 1769 summum
756 1729 897 1768 momentum
911 1726 1016 1778 negligit.

173 1805 209 1844 Ad
228 1803 300 1843 finem*
314 1802 449 1843 Dominicus
466 1802 540 1843 media
558 1801 729 1854 sapientissime
747 1799 870 1852 disposuit.
891 1799 949 1840 Cum
968 1800 1020 1840 oib-

117 1878 152 1919 010
166 1878 286 1929 assumpto
301 1876 403 1917 studium
417 1876 480 1917 velut
494 1875 594 1916 medium
608 1874 762 1916 necessarium
777 1872 962 1925 praerequisivit.
979 1874 1017 1913 Ita

55 2000 59 2004 Δ
116 1952 202 1993 Valdes
211 1952 341 2002 ‘antequam
356 1949 489 2001 praedicare
504 1949 599 2001 incepit,
615 1948 776 1989 institutiones
792 1958 872 1988 sacrae
887 1945 1020 1997 scripturae

116 2037 131 2065 a
146 2026 265 2066 sacerdote
281 2023 379 2075 audivit,
396 2023 522 2077 Durandus
536 2023 627 2063 schola-s
644 2021 803 2063 institutionis
819 2018 961 2071 theologicae
971 2030 1019 2060 ere-

116 2099 159 2139 xit.
176 2099 251 2139 Multo
267 2097 341 2149 magis
355 2096 491 2138 Dominicus
506 2108 520 2136 a
536 2096 584 2137 suis
600 2096 715 2136 iratribus
730 2094 813 2136 saltem
827 2101 880 2134 veam
896 2093 1019 2143 perlectio-

116 2183 168 2213 nem
184 2172 294 2213 scientiae
310 2183 389 2211 sacrae
405 2182 513 2222 quaerere
529 2169 616 2221 debuit,
635 2181 703 2220 quam
719 2166 892 2220 praedicatores
907 2166 932 2205 in
948 2166 1019 2207 eccle-

116 2246 159 2287 siis
170 2245 343 2286 cathedralibus
353 2244 510 2296 possidebant.
526 2243 619 2291 Primus
631 2242 693 2283 inter
706 2242 843 2282 fundatores
856 2239 1016 2291 religiosorum

116 2331 199 2370 parens
213 2318 403 2360 Praedicatorum
418 2317 582 2369 obligationem
597 2315 670 2357 studii
684 2314 774 2356 colendi
789 2313 850 2353 inter
865 2314 943 2365 partes
957 2313 1018 2354 inte-

116 2394 191 2443 grales
204 2392 381 2444 occupationum
393 2390 430 2431 sui
441 2390 547 2432 instituti
559 2379 693 2441 assrunpsit,
707 2387 785 2428 studio
797 2386 822 2426 id
834 2386 944 2439 temporis
958 2388 1018 2427 dans

116 2467 176 2518 quod
191 2467 256 2506 labor
271 2477 379 2506 manuum
394 2466 417 2505 et
431 2464 518 2516 partim
533 2463 625 2504 chorale
640 2461 743 2502 officium
758 2461 820 2511 apud
836 2459 894 2501 alios
909 2459 1014 2501 tenuitll.

115 2541 182 2589 ttuod
198 2541 337 2580 luculentum
351 2537 426 2579 studii
442 2549 456 2578 a
473 2538 496 2579 S.
514 2536 635 2577 Dominico
652 2534 811 2575 introductum
827 2533 935 2575 maximis
950 2532 1018 2572 inno-

117 2613 248 2654 vationibus
264 2616 292 2659 et¹
304 2612 385 2653 mediis
402 2622 536 2663 progressus
554 2607 753 2650 adnumeramlum
770 2609 812 2659 est,
832 2619 889 2659 quae
907 2617 1015 2657 umquam

115 2688 140 2728 in
158 2686 206 2727 vita
223 2685 331 2738 religiosa
349 2686 480 2726 evenerunt.
502 2683 527 2725 Si
545 2682 649 2724 studium
667 2673 800 2722 Dominicus
819 2670 885 2722 valde
903 2690 1018 2720 commen-

115 2758 191 2806 davit,
204 2761 229 2801 id
244 2772 294 2800 non
306 2760 379 2800 solnm
395 2759 497 2799 testatur
513 2768 555 2807 pro
572 2754 701 2796 evolutione
718 2766 785 2805 qnam
801 2755 895 2795 cultura
912 2751 1017 2814 occiden-

114 2835 172 2876 talis
191 2845 260 2885 super
276 2842 360 2873 ‘aevum
380 2831 480 2872 medium
500 2828 645 2881 primitivum
666 2828 777 2880 huiusque
797 2825 959 2869 institutiones
981 2837 1017 2866 re-

113 2910 205 2961 gulares
224 2906 288 2956 iecit,
303 2905 433 2947 sedetiam
451 2903 603 2944 rmivcrsalem
622 2901 736 2943 Dominici
755 2902 898 2943 voluntatem
917 2899 1012 2956 revelat,

111 2996 158 3035 pria
176 2983 310 3023 contactum
327 2990 378 3019 cum
395 2976 577 3028 aspirationibus
596 2974 757 3027 spiritualibus
775 2977 798 3015 et
815 2971 1017 3014 intellectualibus
