2188 3178
30 54 74 95 124*
96 76 99 83 ·
358 58 403 92 Vita
421 59 441 92 et
458 58 511 92 actio
528 59 604 93 ordinis

87 183 171 225 Studia
184 184 261 225 ordini
275 185 465 227 Praedicatorum
480 187 503 226 et
518 186 650 229 claritatem
665 184 751 228 afferre
766 190 790 228 et
804 190 866 239 apud
882 200 933 230 eum

30 258 60 298 ad
73 257 203 308 animarum
217 258 316 299 salutem
329 271 378 300 esse
392 259 507 312 ordinata,
523 261 580 301 bene
594 263 694 303 Ioannes
707 261 769 302 XXII
783 263 932 304 ann013181³

30 319 144 372 etalias14
156 331 276 391 expressit.
289 357 317 363 -
328 327 437 375 Ordinem
449 335 526 374 antem
538 334 648 376 veritatis
659 336 746 376 tratres
757 334 933 377 Praedicatores

30 406 58 446 ob
73 417 139 446 suum
153 406 273 446 strenuum
288 406 394 448 veritatis
410 407 512 448 studium
527 409 597 459 atque
611 408 763 450 assertionem
777 419 834 456 esse,
851 420 879 449 ex
893 420 933 451 ore

29 478 177 530 imperatoris
190 478 302 521 Ludorici
316 480 401 522 Bavari
415 481 532 532 prolatum
547 480 738 523 cucumferturr.

315 633 324 683 ξ
340 631 375 674 26.
390 630 496 673 Rationes
509 617 643 674 studiorum.

85 761 111 802 Si
127 762 188 803 ratio
206 763 335 803 studiorum
361 763 385 802 in
412 762 619 821 constitutionibus
637 763 694 803 anni
720 764 774 805 1228
791 763 930 812 attenditur,

28 837 120 887 tempus
132 824 210 878 studio
222 836 387 888 assignandum
399 836 434 877 vel
446 849 473 877 ex
485 822 622 878 recitatione
635 836 705 877 oiiicii
720 836 871 879 ecclesiastici
883 837 932 878 bre-

28 908 88 951 viter
102 912 126 950 et
140 909 255 951 succincte
268 909 402 951 absolvendi
415 909 548 962 repetitur1.
565 911 665 962 Insuper
680 923 691 950 c
702 909 764 951 circa
778 922 817 952 eos
831 910 870 962 qui
885 912 932 951 stu-

28 983 85 1024 dent
98 984 179 1024 taliter
192 984 337 1035 dispensetur
351 996 365 1024 a
378 984 491 1036 praelato,
507 995 535 1024 ne
549 986 644 1036 propter
658 984 761 1024 officium
775 985 810 1026 vel
825 984 890 1025 aliud
905 985 931 1025 de

27 1057 94 1098 facili
111 1069 125 1098 a
142 1057 219 1098 studio
236 1058 388 1098 retrahantur
405 1058 440 1098 vel
456 1057 645 1109 impediantur».
665 1057 743 1098 (iellae
760 1069 807 1099 non
825 1057 931 1098 omnibus

28 1131 176 1173 studentibus
188 1132 230 1172 sed
244 1131 326 1182 quibus
341 1131 452 1184 magistro
467 1143 545 1172 eorum
560 1130 668 1183 expedire
682 1130 799 1172 videbitur
813 1131 931 1184 assignen-

27 1207 79 1246 tur:
90 1205 155 1254 Quod
169 1204 187 1244 si
200 1205 286 1256 aliquis
298 1205 458 1246 infructuosus
471 1189 605 1245 inueniatur
618 1205 643 1245 in
657 1203 743 1256 studio,
758 1204 817 1245 cella
830 1204 880 1245 eius
894 1204 930 1245 de-

27 1280 67 1318 tur
79 1278 148 1319 alteri
160 1281 183 1319 et
195 1278 244 1330 ipse
256 1278 281 1318 in
293 1277 347 1319 aliis
360 1278 444 1320 officiis
457 1281 589 1330 occupetur.
605 1280 633 1319 In
646 1277 711 1319 cellis
724 1278 806 1330 legere,
822 1277 928 1329 scribere,

27 1363 100 1403 orare,
119 1352 226 1404 dormire,
244 1351 314 1393 etiam
331 1353 358 1393 de
375 1354 442 1393 nocte
458 1351 555 1404 vigilare
571 1351 670 1404 possint,
689 1351 729 1403 qui
745 1350 861 1392 voluerint
878 1362 930 1401 pro-

21 1418 78 1477 pter
91 1426 194 1467 studium
206 1428 235 1466 »².
249 1427 295 1466 Pro
308 1425 387 1477 diebus
401 1425 522 1471 dominicis
536 1428 559 1467 et
572 1427 640 1467 testis
652 1425 785 1478 praecipuis
798 1427 868 1467 ardor
882 1428 930 1467 stu-

26 1499 59 1540 dii
70 1498 95 1539 in
106 1511 131 1540 eo
143 1489 294 1552 temperatur,
308 1501 368 1551 quod
378 1503 435 1541 tuno
445 1501 531 1541 iratres
545 1512 571 1540 «a
583 1500 703 1552 quaternis
715 1499 843 1541 scribendis
855 1512 879 1541 se
891 1501 929 1541 ab·

26 1573 130 1614 stineant
141 1575 170 1614 »³.
190 1573 326 1623 «Quoniam
343 1574 405 1615 circa
422 1573 541 1616 studentes
559 1572 658 1626 diligens
676 1576 711 1615 est
729 1574 859 1615 adhibenda
877 1585 929 1614 cau-

26 1648 74 1688 tela
89 1647 263 1698 «praeponitur
278 1647 310 1688 eis
325 1647 411 1699 aliquis
424 1649 499 1688 irater
514 1647 622 1699 specialis
640 1647 759 1700 (magister
774 1646 927 1699 studentium)

25 1732 68 1772 pro
83 1721 240 1762 moderatione
254 1733 332 1762 eorum
347 1721 372 1761 in
387 1721 502 1762 stuciisae
520 1721 547 1775 Si
562 1720 708 1773 quadrivium
723 1732 765 1772 pro
780 1720 928 1763 studentibus

25 1789 172 1836 nostrisiron
186 1794 364 1847 requirebatur⁵,
380 1795 478 1836 materia
492 1794 565 1836 studii
579 1795 604 1834 in
619 1794 700 1836 ordine
712 1779 760 1835 non
774 1796 841 1835 crant
857 1794 928 1835 scien-

25 1865 72 1909 tiae
87 1868 217 1909 saeculares
232 1882 243 1908 «
253 1880 295 1909 nec
309 1868 379 1909 etiam
393 1871 455 1910 artes
465 1858 526 1920 vquas
542 1868 649 1909 liberales
664 1870 748 1909 vocant
763 1867 809 1909 nisi
824 1868 929 1919 aliquan-

25 1944 53 1984 do
72 1942 134 1983 circa
153 1942 244 1995 aliquos
262 1942 373 1994 magister
392 1942 480 1983 ordinis
499 1943 534 1983 vel
554 1941 683 1994 capitulum
703 1941 808 1995 generale
829 1940 927 1997 voluerit

24 2017 94 2058 aliter
111 2017 252 2069 dispensare,
270 2018 310 2057 sed
327 2018 419 2057 tantum
436 2016 508 2057 libros
524 2016 667 2068 theologicos
682 2017 732 2056 tam
748 2014 842 2055 invenes
859 2025 927 2065 quam

24 2091 66 2131 alii
83 2091 191 2143 legant».
212 2104 223 2130 c
234 2091 262 2130 In
280 2090 347 2131 libris
364 2090 487 2143 gentilium
504 2093 527 2131 et
544 2089 735 2141 philosophorum
752 2099 799 2129 non
817 2089 927 2129 studeant

24 2165 68 2206 etsi
80 2167 110 2205 ad
121 2165 201 2206 horam
213 2164 340 2216 inspiciant
351 2178 370 2205 n.
384 2165 481 2205 Praeter
492 2166 569 2205 cetera
581 2162 695 2215 requisita
707 2172 850 2202 communem
862 2173 927 2213 prae-

24 2239 150 2280 dicatorem
167 2238 297 2290 theologiae
314 2249 401 2279 annum
418 2237 501 2279 saltem
518 2249 598 2290 unum,
614 2238 642 2278 et
659 2234 843 2288 praedicatorem
862 2247 927 2287 gene-

23 2312 96 2353 ralem
108 2314 156 2354 tres
168 2324 241 2354 annos
254 2314 278 2353 et
290 2312 408 2365 publicum
421 2312 538 2353 doctorem
552 2312 653 2362 quatuor
663 2317 739 2350 ‘annos
752 2309 783 2350 ad
796 2308 872 2350 minus
886 2320 926 2349 au-

23 2387 107 2430 divisse
126 2389 253 2439 oportebat.
274 2388 337 2429 Haec
355 2386 432 2429 omnia
450 2387 478 2429 de
496 2384 574 2434 studio
593 2384 654 2438 quod
672 2384 698 2424 in
716 2395 856 2436 quocumque
875 2395 945 2444 (1011-Ι

23 2465 93 2504 ventu
108 2461 196 2503 ordinis
210 2463 302 2514 vigebat
316 2462 392 2504 valere
406 2461 521 2503 videntur.
538 2459 632 2501 Etenim
648 2470 659 2497 c
669 2459 795 2499 conventus
809 2457 870 2498 citra
885 2468 926 2497 nu-

23 2547 111 2577 merum
125 2536 290 2577 duodenarium
304 2538 327 2577 et
340 2535 388 2577 sine
401 2534 496 2576 licentia
509 2532 624 2586 generalis
637 2531 736 2583 capituli
749 2534 772 2573 et
785 2532 834 2571 sinc
848 2529 926 2582 priore

21 2615 44 2655 et
61 2614 153 2652 doctore
167 2624 212 2653 non
227 2612 336 2653 mittatur
346 2614 377 2653 ni)

77 2687 113 2727 De
137 2685 272 2738 quibusdam
296 2686 381 2728 studiis
406 2687 484 2726 autem
508 2685 622 2736 peculiari
639 2671 713 2728 ¹modo
739 2688 856 2728 statutum
881 2688 924 2737 est,

22 2764 71 2803 «ut
91 2755 207 2812 quaelibet
224 2760 343 2811 provincia
362 2759 477 2801 iratribus
497 2758 545 2800 suis
565 2758 643 2801 missis
661 2761 691 2801 ad
711 2760 814 2801 studium
834 2760 865 2800 ad
884 2758 925 2798 mi-

19 2849 64 2879 nus
77 2836 103 2876 in
116 2835 192 2877 tribus
205 2834 271 2876 libris
284 2836 413 2888 theologiae
426 2833 546 2887 prouidere
559 2836 667 2876 teneatur
680 2838 704 2877 et
716 2836 802 2876 iratres
816 2833 882 2875 missi
896 2835 924 2874 ad

20 2911 124 2953 studium
140 2910 165 2950 in
181 2909 286 2956 historiis
302 2911 324 2950 et
340 2909 461 2951 sententiis
477 2911 500 2950 et
516 2910 582 2950 textu
599 2911 622 2950 et
637 2908 721 2961 glossis
737 2906 860 2959 praecipue
876 2907 924 2948 stu-

20 2988 90 3028 deant
107 2988 131 3027 et
147 2984 301 3025 intendant».
322 2996 332 3022 c
343 2984 398 3023 Tres
415 2984 500 3024 iratres
518 2985 611 3023 tantum
629 2982 756 3023 mittantur
773 2981 803 3021 ad
821 2980 924 3022 studium
