2101 3187
453 89 548 130 Magister
566 88 664 129 generalls
980 90 1006 132 73

104 219 176 260 tionis
193 218 369 271 potentissimae
386 217 474 259 ordinis
492 217 517 257 in
535 217 626 259 saeculo
644 216 719 268 primo
738 228 792 259 suae
810 216 962 259 exsistentiae
978 228 1005 258 ac

104 296 186 346 postea
201 294 292 346 probat,
310 296 333 336 et
348 292 452 345 claritas,
470 291 582 334 sobrietas
598 293 668 344 atque
683 303 723 333 ars
738 291 889 345 gubernandi,
907 302 965 343 quae
981 290 1005 332 in

104 367 194 421 legibus
206 371 230 410 et
243 367 354 421 gubernio
369 366 456 408 ordinis
471 365 631 419 includuntur,
647 366 814 410 commendant.
831 366 914 418 Neque
923 364 1005 406 exinde

104 444 184 484 deerat
197 452 333 494 progressus
346 441 371 481 in
383 439 528 487 inveniendis
541 439 680 492 specialibus
694 439 799 491 statutis,
814 439 834 481 si
848 451 905 491 quae
919 441 1006 491 tempo-

104 529 155 558 rum
165 505 226 558 ratio
236 528 296 557 nova
305 514 417 568 exigebat.
429 516 466 555 An
476 516 553 555 autem
563 513 695 556 huiusmodi
705 525 827 566 progessus
838 513 961 566 semperin
971 513 1006 553 11

100 603 180 632 vorem
195 587 370 636 constitutionis
384 588 516 641 primitivae
531 588 621 630 ordinis
634 588 766 639 cessaverit,
781 587 829 628 alia
842 590 878 628 est
891 586 1003 639 quaestio.

103 665 203 707 Videtur
213 663 274 706 enim
286 664 354 716 ‚quod
364 662 428 716 ordo,
440 662 460 704 si
470 662 537 703 iuxta
546 664 649 704 tenorem
660 674 716 704 suae
726 660 847 714 originalis
858 660 1006 702 constitutio-

103 739 141 780 nis
154 737 251 790 regitur,
267 736 345 778 omnia
357 737 424 789 plene
437 736 548 789 possidet,
563 748 621 789 quae
634 735 665 777 ad
679 735 806 777 efficaciam
820 747 932 776 summam
946 733 1005 776 obti-

102 813 202 854 nendam
215 810 373 863 requiruntur.
633 819 634 822 ’

232 962 247 1019 ξ
265 962 301 1006 16,
317 962 422 1021 Magister
437 960 544 1020 generalis
561 961 728 1021 eiusquegvioes
741 969 849 1018 gerentes.

647 1022 662 1055 a

159 1096 225 1136 Inter
239 1094 370 1146 superiores
385 1094 475 1137 ordinis
489 1107 602 1138 summum
617 1091 693 1137 locum
708 1096 798 1137 obtinet
813 1096 924 1148 magister
939 1107 1005 1149 gene-

103 1168 168 1210 ralis.
183 1167 320 1210 Dominicus
331 1168 388 1221 ipse,
403 1169 457 1210 dum
469 1180 537 1211 suum
550 1168 686 1211 institutum
699 1168 808 1211 fundavit
821 1172 845 1211 et
857 1169 1002 1222 gubernavit,

104 1241 168 1294 prior
185 1242 285 1299 primum
303 1243 326 1284 S.
344 1231 443 1284 Romani
460 1242 568 1284 Tolosani
584 1244 607 1283 et
623 1244 704 1295 postea
721 1243 786 1296 prior
803 1242 891 1285 ordinis
908 1245 1004 1286 vocatus

102 1318 155 1357 est.
172 1317 200 1357 In
214 1315 317 1367 capitulo
332 1316 434 1368 generali
448 1316 504 1357 anni
518 1316 571 1357 1221
585 1316 716 1358 huiusmodi
731 1316 817 1360 titulus
830 1316 855 1357 in
869 1316 942 1358 alium
952 1329 1004 1358 ’111-

103 1389 172 1442 gistri
184 1390 274 1431 ordinis
285 1392 389 1432 mutatus
400 1392 504 1442 apparet.
518 1391 569 1432 Vox
580 1391 687 1442 raspista
699 1403 726 1432 ex
738 1390 884 1443 legislatione
895 1390 1003 1431 ordinum

103 1462 241 1505 militarium
255 1465 348 1515 sumpta
362 1465 404 1516 est,
420 1463 459 1516 qui
472 1475 514 1516 pro
529 1463 658 1505 ordinanda
672 1465 773 1505 secunda
787 1463 936 1506 distinctione
950 1475 1003 1505 con-

102 1536 254 1579 stitutionum
269 1537 359 1580 ordinis
373 1537 563 1579 Praedicatorum
578 1548 661 1590 magna
676 1550 704 1579 ex
718 1539 786 1590 parte
800 1536 1002 1589 inspiciebantur².

103 1612 165 1652 Dum
182 1610 208 1650 in
225 1610 306 1663 lingua
323 1610 401 1652 curiae
419 1612 535 1652 Romanae
552 1622 592 1663 per
610 1610 705 1662 aliquod
722 1612 814 1663 tempus
832 1611 1003 1664 designationes

99 1684 189 1736 prioris
200 1683 290 1726 ordinis
310 1686 333 1726 et
354 1684 461 1737 magistri
482 1684 570 1726 ordinis
590 1684 720 1736 promiscue
740 1696 783 1738 pro
804 1683 881 1736 capite
901 1685 1003 1725 fratrum

101 1758 293 1799 Praedicatorurn
308 1757 487 1800 adhibebantur³
502 1758 564 1799 etin
579 1758 787 1800 constitutionibus
802 1758 873 1800 etiam
887 1759 1003 1810 1111111111-

101 1831 179 1885 diariis
199 1831 293 1873 nonnisi
313 1832 472 1883 demagistro
492 1831 582 1874 ordinis
601 1842 675 1873 sermo
696 1832 740 1883 fir,
762 1844 824 1874 anno
843 1832 898 1874 1233
919 1832 1003 1884 Grego-

101 1905 151 1947 rius
169 1906 199 1946 IX
217 1906 344 1947 Iordanum
361 1905 466 1947 nominat
483 1904 619 1958 magistrum
636 1906 783 1957 peperceras
803 1907 831 1947 In
849 1916 894 1957 qua
911 1916 1003 1947 nomen-

100 1979 194 2020 clatura
211 1978 350 2031 exprimitur
371 1979 446 2033 (iuxta
464 1978 561 2020 similem
579 1981 672 2029 modum
691 1978 798 2031 loquendi
816 1978 947 2021 studiorum
965 1990 1002 2031 ge-

97 2053 224 2106 11111111,
245 2053 432 2104 praedicatorum
451 2052 600 2105 generalium)
621 2053 758 2104 magistrum
778 2052 866 2093 ordinis
886 2063 935 2094 esse
955 2064 1002 2094 111-

78 2179 81 2186 *
100 2124 200 2175 gistrum
210 2138 253 2179 pro
263 2126 376 2168 omnibus.
389 2126 497 2180 Magistri
508 2127 580 2184 toties
592 2126 679 2168 ordinis
691 2125 817 2178 appellatio
828 2128 932 2179 tempore
941 2127 1002 2178 Ray-

99 2199 182 2239 mundi
191 2200 297 2252 Capuani
306 2200 398 2242 oritur.
410 2202 439 2242 In
447 2200 603 2253 appellatione
612 2199 719 2252 magistri
728 2200 844 2262 appositio
854 2200 1001 2242 venerabilis

97 2272 136 2313 rel
151 2274 279 2315 1111111111Β
294 2274 350 2316 addi
364 2275 459 2324 solebat.
476 2276 510 2316 De
524 2275 660 2326 Raymundo
676 2274 787 2326 Oapuano
802 2276 870 2315 notat
884 2274 1001 2315 Fontana‘

99 2345 161 2396 quod
173 2344 220 2386 iuit
233 2348 344 2399 «primus
355 2349 447 2390 nomine
459 2348 643 2389 reverearis-rimi
656 2349 781 2401 salutatus,
795 2357 847 2390 cum
859 2348 926 2400 prius
938 2359 1003 2390 vene-

100 2417 182 2469 rabilis
195 2421 255 2460 esset
268 2425 391 2464 consuetus
404 2422 490 2465 titulus
502 2421 666 2475 magistrorum
680 2421 798 2463 ordinis».
865 2461 867 2464 ,

156 2491 268 2543 Magister
286 2495 375 2545 ordinis
392 2508 434 2549 per
451 2498 579 2550 capitulum
599 2500 704 2550 generale
722 2499 825 2552 eligitur,
844 2512 859 2541 a
877 2511 920 2551 quo
939 2503 1002 2552 pote-

100 2567 186 2607 statem
199 2577 264 2606 suam
278 2568 368 2611 obtinet
380 2571 470 2613 nullius
482 2571 589 2624 indigens
602 2572 784 2615 confirmatione.
800 2573 940 2626 Designatus
955 2586 1002 2615 ma-

100 2640 173 2692 gister
197 2638 299 2679 officium
322 2643 427 2685 11111111
450 2644 536 2698 potuit,
561 2645 623 2688 sicut
645 2647 797 2699 Raymundus
822 2648 849 2689 de
873 2649 1001 2689 Pennaiort

101 2713 204 2765 exemplo
230 2714 272 2753 est.
301 2714 336 2778 Ex
364 2727 389 2756 eo
416 2720 502 2771 autem,
531 2720 591 2772 quod
617 2720 727 2762 electores
754 2720 882 2764 instantias
908 2723 938 2762 ad
965 2733 1002 2762 ac-

99 2788 238 2839 ceptandam
263 2786 397 2828 electionem
423 2791 536 2844 iecerunt,
564 2793 662 2845 eruitur,
690 2795 801 2836 electores
825 2797 881 2836 tunc
907 2795 1000 2836 initium

102 2861 231 2914 magisterii
251 2859 364 2912 generalis
383 2861 516 2914 Raymundi
536 2877 551 2907 a
571 2868 674 2919 tempore
695 2867 745 2910 eius
765 2868 933 2921 acceptationis
953 2868 1000 2908 sire

100 2947 226 2977 consensus
241 2933 362 2976 censuisse.
379 2934 479 2976 Duratio
495 2938 568 2980 officii
583 2941 613 2981 ad
628 2940 700 2982 vitam
716 2944 775 2994 erat,
792 2942 838 2984 nisi
853 2942 936 2993 aliquis
953 2953 1001 2980 1111-

101 3009 152 3050 neri
164 3009 298 3050 rcmmtiare
310 3007 430 3061 disposuit,
444 3008 478 3050 vel
490 3011 518 3051 ab
531 3022 556 3052 eo
569 3015 671 3054 remotus
683 3015 737 3055 iuit.
752 3017 817 3056 Inter
829 3015 952 3067 magistros
964 3025 1000 3065 ge-
