2101 3187
351 90 426 123 Nomen
438 87 515 122 ordinis
528 87 690 121 Praedicatorum
942 82 977 121 *25

73 224 145 254 caiisa
159 212 261 253 formali.
280 210 326 252 Sed
342 209 398 250 ordo
415 210 494 250 noster
511 207 586 249 trahit
602 219 685 248 nomen
701 219 768 248 suurn
784 219 798 248 a
816 207 872 248 fine:
893 207 980 269 melius

72 286 134 327 enim
145 286 279 327 nominatur
291 295 338 324 una
350 293 453 335 quaeque
464 294 501 322 res
512 293 527 322 a
539 293 581 322 suo
593 281 638 325 fine
650 292 717 333 qnam
729 282 761 326 ab
769 280 824 334 alio,
838 280 898 322 sicut
910 293 975 332 regu-

74 361 104 413 la,
117 360 171 402 iicet
179 371 253 402 ainea
264 360 288 400 et
299 359 328 399 ab
340 357 428 409 optimo
440 356 531 398 artifice
542 356 606 396 facta
618 360 641 396 et
653 354 789 407 rectissima,
803 356 880 396 tamen
892 354 975 395 melius

74 435 147 477 trahit
160 445 242 475 nomen
255 445 269 473 a
284 431 329 473 fine
343 431 382 483 qui
395 429 431 472 est
444 430 550 482 regulare
565 440 633 481 qnam
647 440 661 470 a
674 428 772 470 materia
786 429 821 470 vel
834 427 924 469 artifice
939 427 974 469 vel

72 509 148 550 forma
159 524 177 549 u.

128 584 153 626 Si
171 585 201 624 ad
220 594 277 635 opus
296 581 421 622 maximum
440 593 454 622 a
473 582 496 622 S.
517 581 638 622 Dominico
651 581 681 621 11
700 580 803 622 Ecclesia
821 581 972 632 condendum,

49 703 52 707 μ
71 652 152 709 nempe
168 658 198 698 ad
214 655 304 697 ordinis
320 655 511 696 Praedicatorum
528 654 697 706 fundationem,
715 654 857 707 respicimus,
876 654 896 695 si
908 651 974 695 diffi-

71 732 172 772 cultates
191 729 267 771 ordini
285 729 376 770 orituro
395 731 491 780 paratas
510 728 681 780 perpendimus,
701 729 721 769 si
740 729 887 770 observamus
904 740 973 780 quarn

72 816 180 856 prospere
199 805 279 844 sancto
299 802 421 843 fundatori
440 814 477 843 res
496 804 622 854 cesserunt,
643 801 698 843 licet
717 801 777 844 illud
795 801 882 843 Ρο11131
902 801 973 842 ettam

70 879 102 920 ad
113 878 188 920 saneti
199 877 268 918 Pauli
279 876 445 918 zelosissimum
456 876 600 917 imitatorem
611 875 757 935 Dominicum
769 875 898 928 applicare:
915 876 973 916 «Do-

72 952 148 993 minus
162 954 239 993 autem
253 951 310 991 mihi
324 950 420 991 adstitit
434 952 458 991 et
471 949 613 991 confortavit
627 961 670 1001 me,
686 952 713 990 ut
726 961 767 1002 per
780 961 816 990 me
830 948 973 1001 praedicatio

69 1026 195 1078 impleatur
208 1027 231 1067 et
245 1024 344 1065 audiant
358 1036 437 1065 omnes
450 1025 551 1076 gentes»

203 1231 224 1279 b)
242 1228 367 1265 nxrnusic
380 1228 411 1263 ΕΤ
424 1228 569 1265 PLENlTUDO
589 1229 710 1268 ACTIONIS
723 1229 841 1278 (lani-1291)

124 1395 149 1436 S.
171 1393 306 1435 Dominicus
326 1405 367 1434 suo
387 1393 465 1434 ordini
485 1393 637 1435 universalem
656 1393 770 1436 actionem
790 1406 817 1435 ex
836 1393 971 1436 01101211

71 1452 174 1509 habenti
188 1480 229 1519 per
252 1466 430 1519 quadriennium
454 1468 615 1509 tantummodo
639 1467 749 1519 praefuit.
774 1468 858 1520 Oopiae
882 1468 972 1509 ordinis

68 1553 115 1582 non
131 1543 180 1582 tam
196 1541 220 1581 in
238 1541 390 1582 multitudine
406 1541 508 1582 fratrum
526 1553 593 1593 quam
610 1541 635 1581 in
652 1541 795 1593 possessione
811 1540 876 1583 ideae
893 1542 970 1583 clarae

15 1665 16 1668 Ἰ
69 1615 98 1656 de
113 1615 241 1657 1111010110
256 1614 438 1666 praedicationis
453 1616 476 1656 et
490 1614 568 1655 studio
584 1626 703 1656 sacrarum
717 1615 867 1656 scientiarum
881 1617 972 1656 consta-

70 1689 132 1729 bant.
146 1689 206 1738 Quia
219 1688 274 1730 ordo
286 1687 479 1729 Praedicatorum
491 1688 655 1736 characterem,
669 1687 735 1729 sitta
747 1687 810 1741 loqui
819 1688 884 1739 licet,
897 1688 970 1729 obiec-

67 1759 252 1803 tivmm'manmie
264 1773 320 1813 prae
333 1774 356 1802 se
369 1761 433 1815 tulit,
448 1762 499 1803 ideo
512 1762 546 1802 rIs
559 1762 706 1803 fundationis
717 1774 768 1803 cum
781 1765 854 1803 morte
867 1774 970 1814 praema-

71 1836 124 1875 tura
140 1835 274 1876 fundatoris
289 1847 336 1875 non
352 1835 452 1877 cessavit
468 1846 540 1887 neque
557 1836 586 1876 ad
603 1847 673 1876 unam
690 1836 725 1877 vel
740 1835 811 1877 aliam
827 1837 917 1887 partem
934 1834 971 1877 de-

68 1908 144 1949 flexit.
163 1910 212 1950 Imo
230 1909 309 1960 potius
326 1909 456 1950 benedictio
473 1908 515 1949 illa
532 1909 807 1961 apprehenditur,'quam
825 1909 848 1950 S.
867 1909 971 1951 Domini-

67 1992 108 2021 cus
123 1982 222 2025 moriens
236 1982 352 2023 fratribus
367 1981 517 2023 adstantibus
531 1983 673 2024 confidenter
687 1983 773 2024 edixit:
792 1996 804 2022 (1
814 1983 874 2035 quod
888 1983 970 2024 defun-

69 2056 131 2093 ctum
147 2068 197 2097 eum
214 2056 331 2098 utiliorem
347 2057 426 2097 forent
441 2057 546 2098 habituri
562 2070 629 2109 quam
645 2059 721 2100 vivum
731 2061 760 2100 ul.

123 2128 255 2171 Direetione
269 2129 355 2183 lucida,
372 2142 461 2184 secura,
477 2130 583 2183 vigorosa
598 2132 676 2184 plnres
690 2132 843 2180 illustrissimi
858 2133 903 2175 viri
917 2146 969 2175 san·
1039 2186 1040 2190 Ἰ

67 2197 158 2251 etitate,
175 2202 294 2255 religIonis
312 2215 390 2244 amore
406 2207 430 2245 et
447 2205 520 2256 cultu,
539 2206 683 2256 gubernandi
699 2206 815 2258 sapientia
831 2209 901 2259 atque
917 2211 969 2249 arte
1020 2221 1021 2224 ¹

70 2269 183 2321 fulgentes
199 2276 303 2317 ordinem
318 2289 332 2318 a
349 2278 372 2318 S.
390 2277 512 2319 Dominico
527 2279 706 2330 incoeptumad
721 2292 827 2333 magnam
843 2280 970 2322 roborati0-

69 2354 127 2394 nem,
144 2348 307 2396 expansionem
322 2352 346 2391 01
362 2351 527 2402 perfectionem
543 2352 698 2406 adduxerunt,
716 2353 798 2406 quibus
814 2355 907 2396 dotibus
923 2355 969 2407 ple·
1016 2354 1018 2358 ’

68 2427 112 2459 uus
128 2415 308 2463 instrumentum
325 2424 512 2467 efficacissimum
529 2437 570 2477 pro
587 2427 721 2478 apostolatu
738 2429 761 2468 et
777 2427 885 2470 missione
901 2428 969 2480 spiri-

68 2489 128 2530 tuali
141 2490 257 2534 llcclesiae
271 2496 348 2538 fiebat.

91 2589 92 2592 =
105 2572 106 2575 ’
123 2564 192 2604 Haud
204 2570 333 2616 spernenda
346 2574 382 2612 est
394 2572 496 2613 evolutio
508 2573 598 2623 ordinis
610 2574 685 2626 quoad
698 2575 816 2616 doctrinae
829 2578 968 2616 momentum

67 2636 130 2678 circa
143 2637 242 2678 medium
256 2644 374 2685 saeculum
388 2646 447 2687 XIII
461 2648 485 2687 et
498 2637 586 2698 postea.
603 2647 658 2688 Ideo
673 2648 727 2688 dum
741 2649 883 2690 Humbertus
897 2647 969 2690 liben-

68 2712 104 2752 ter
116 2712 185 2753 verba
198 2710 307 2763 liturgica
321 2717 399 2759 ordini
413 2720 515 2760 fratrum
529 2721 720 2762 Praedicatorum
733 2722 837 2774 appncat
850 2724 968 2774 tamquam

67 2783 111 2836 illi,
127 2798 137 2825 u
149 2785 188 2837 qni
200 2787 234 2826 est
247 2786 277 2826 ad
290 2786 442 2844 laudandum,
457 2793 636 2835 benedicendum
650 2796 673 2835 et
686 2794 866 2846 praedicandum
876 2797 906 2848 »²,
921 2795 967 2836 iam

67 2868 126 2899 nova
136 2859 237 2899 formula
249 2859 284 2899 vel
296 2861 385 2903 tessera
397 2866 427 2905 ad
441 2865 608 2918 designandum
621 2868 725 2909 ordinem
736 2872 840 2922 apparet.
856 2871 884 2910 In
897 2869 967 2920 scrip-

67 2931 98 2972 110
111 2932 171 2972 enim
184 2932 321 2973 venerabilis
335 2934 469 2980 Mechtildis
483 2941 688 2994 Magdeburgensis
701 2942 782 2995 religio
795 2942 875 2984 nostra
889 2956 900 2984 v
911 2942 968 2983 ordo

67 3005 172 3047 veritatis
190 3006 280 3048 lucidae
298 3007 524 3053 Ρ110111011011111»1
539 3016 642 3055 vocatur.
