2188 3178
12 90 16 99 ·
60 72 101 113 140
192 56 196 94 γ’
390 59 437 113 Vita
453 79 473 113 et
491 80 543 114 actio
560 81 635 123 ordinis

63 192 206 247 scrutatione
225 205 344 248 doctrinas
363 206 536 259 philosophicas
554 211 577 249 et
596 210 710 252 revelatas
729 210 764 252 ita
784 202 917 264 explanavit
937 216 964 256 ut

62 289 108 319 non
122 279 195 340 solum
208 275 289 320 norma
303 280 493 333 philosophorum
507 294 585 323 verum
599 284 669 325 etiam
683 285 790 338 princeps
805 286 963 340 theologorum

61 353 166 395 evaserit.
185 353 355 401 Providentiali
371 355 526 397 destinatione
543 356 567 396 in
584 357 608 398 id
625 360 719 412 tempus,
733 359 860 403 collocatus
877 363 919 408 est,
938 361 962 402 in

62 439 105 479 quo
117 429 167 468 tum
179 421 277 479 Neapoli
289 431 340 470 tum
353 430 416 471 ultra
429 430 499 481 Alpes
511 430 699 475 Aristotelismus
711 433 770 474 satis
783 433 882 486 vigebat,
897 447 961 487 quem

60 502 90 542 ad
106 490 227 543 solvendas
242 504 388 554 quaestiones
404 503 556 546 difficillimas
571 505 671 547 feliciter
687 510 710 548 et
726 508 838 558 complete
854 508 961 550 adhibere
990 542 992 548 ,

60 575 144 626 potuit.
162 576 279 618 Deeursus
293 580 317 619 et
332 579 429 624 conatus
445 579 468 618 et
483 577 537 631 lites
551 578 612 620 vitae
627 580 677 622 eius
692 581 806 623 exclusive
822 581 962 633 promotioni

60 651 83 689 et
102 649 241 701 expositioni
260 663 329 692 sanae
348 654 371 692 et
390 651 484 693 sanctae
503 652 621 693 doctrinae
640 640 843 696 consecrabantur.
864 656 901 697 Ad
919 656 961 697 1111,

60 723 208 766 destinarunt
227 737 277 766 eum
296 725 448 777 cntemplatio
466 738 480 767 a
499 726 607 778 pueritia,
627 727 652 767 in
671 729 751 771 Monte
770 728 854 771 (lasino
874 728 959 782 elapsa,

58 799 89 840 ad
107 800 150 841 hoc
169 812 249 842 111111
268 800 417 852 Neapolitani
437 804 461 842 et
479 802 503 842 in
523 802 601 843 schilis
621 804 709 844 ordinis
728 806 851 857 praecipue
871 807 912 846 sub
933 806 959 845 P».

59 874 156 916 Alberto
175 875 258 927 Magno
277 875 427 927 frequentati,
448 876 478 916 ad
497 876 539 917 hoc
558 876 741 929 ininterruptum
761 891 845 927 munus
864 879 959 920 docendi

59 948 165 1002 Parisiis)
182 949 207 989 in
223 949 301 1001 Italia,
318 949 404 990 iterum
421 949 520 991 Parisiis
535 953 558 991 11
574 951 647 992 denuo
664 951 688 991 in
706 952 785 993 Italia.
803 953 868 994 Lites
882 955 959 993 autem

59 1023 191 1073 personales
209 1024 235 1063 dc
253 1023 373 1064 vocatione
390 1023 499 1075 religiosa
516 1023 541 1064 in
558 1024 638 1065 ordine
655 1025 846 1078 mendicantium,
865 1026 917 1068 lites
935 1026 959 1066 111

58 1097 213 1137 defensionem
228 1097 264 1137 sni
279 1099 356 1138 status
373 1100 454 1138 contra
469 1098 614 1139 adversarios
628 1099 770 1150 professores
787 1100 843 1141 cleri
859 1100 959 1154 saecula-

58 1169 98 1223 ris,
127 1171 179 1212 lites
205 1170 345 1212 scientificae
372 1173 399 1212 de
425 1171 529 1213 thesibus
555 1172 727 1224 Δ111111111111111
754 1173 957 1214 «traditionalis»

58 1246 93 1286 vel
109 1245 250 1286 Averroismi
266 1245 336 1285 latini
353 1231 404 1286 eum
421 1245 446 1285 in
463 1245 570 1287 veritatis
585 1246 728 1298 possessione
745 1258 827 1288 secura
844 1250 867 1288 11
884 1246 958 1288 solida

57 1321 172 1359 auxerunt
185 1321 208 1359 et
220 1320 368 1360 roborarunt.
384 1320 407 1361 S.
423 1319 521 1361 Thomas
535 1320 571 1361 die
583 1322 596 1360 i
609 1320 688 1361 martii
701 1321 756 1361 1274
770 1322 832 1372 apud
846 1322 958 1361 monaste-

57 1393 117 1434 rium
135 1393 286 1434 Cisterciense
303 1394 390 1434 Fossae
407 1394 492 1447 Novae,
510 1393 647 1446 Lugdunum
665 1395 821 1447 proiecturus,
841 1395 958 1436 sanctissi-

59 1478 92 1507 me
106 1467 209 1508 excessit.
314 1514 315 1517 Ἰ
825 1518 827 1521 ¹

111 1542 184 1583 Ambo
198 1544 221 1582 11
236 1542 262 1582 Β.
278 1542 390 1583 Albertus
405 1544 428 1583 11
444 1542 466 1583 S.
484 1536 581 1583 Thomas
596 1542 752 1584 voluminosos
766 1542 887 1584 thesauros
903 1542 957 1583 scri-

55 1617 149 1666 ptorum
163 1615 313 1667 reliquerunt,
329 1616 383 1656 dum
397 1615 443 1667 ipsi
457 1617 487 1656 ad
500 1615 610 1657 visionem
623 1628 747 1668 supernam
762 1615 894 1657 divinitatis
908 1628 957 1657 evo-

55 1690 104 1730 cati
120 1691 182 1743 srmt,
199 1689 224 1729 in
239 1689 309 1731 terris
325 1701 415 1741 semper
430 1689 541 1731 celebrati
557 1691 584 1730 ob
601 1690 735 1732 sanctitatis
752 1692 776 1731 11
793 1689 956 1731 miraculorum

58 1765 142 1804 lamam
156 1765 179 1804 11
191 1763 301 1804 1111111111
314 1763 509 1815 probatissimam.

110 1837 180 1878 Velut
193 1830 323 1889 depositum
336 1840 406 1890 atque
418 1837 569 1878 hereditatem
583 1837 775 1889 pretiosissimam
788 1838 876 1878 iratres
888 1838 956 1878 Prae-

54 1911 169 1953 dicatores
184 1911 313 1952 doctrinam
329 1925 340 1950 1
351 1911 489 1952 venerabilis
502 1911 584 1952 fratris
599 1912 697 1952 Thomae
708 1925 719 1951 1)
735 1913 789 1963 post
803 1911 853 1951 eius
867 1910 955 1951 obitum

53 1975 199 2038 acceperunt,
215 1987 387 2036 promoverunt,
404 1986 563 2026 defenderunt.
579 1987 635 2026 Rem
650 1985 759 2026 veritatis
773 1984 883 2036 magister
898 1984 954 2024 Tho-

54 2072 103 2101 mas
116 2061 143 2101 de
154 2060 245 2111 Aquino
258 2062 352 2100 strenue
363 2059 486 2111 inquisivit
498 2070 524 2100 ac
536 2059 613 2100 tuitus
624 2061 666 2100 est.
681 2061 714 2100 Eo
728 2059 819 2120 mortuo
833 2058 886 2098 dum
900 2071 911 2098 n
921 2057 955 2098 in-

53 2133 132 2174 sonuit
145 2145 223 2174 rumor
237 2134 297 2185 quod
311 2120 401 2185 scripta
413 2132 496 2174 fratris
510 2134 608 2174 'thomae
622 2132 720 2173 Parisiis
734 2131 952 2183 impugnabantur»

53 2206 163 2249 Albertus
177 2208 274 2258 Magnus
288 2207 319 2248 ad
334 2208 464 2259 Sequanam
479 2218 502 2247 se
516 2208 636 2247 conterens
649 2207 715 2246 iacta
729 2205 892 2246 convocatione
907 2207 953 2246 stu-

53 2281 85 2323 dii
106 2282 218 2334 generalis
237 2280 384 2323 Parisiensis'
397 2281 422 2321 in
441 2280 604 2331 defensionem,
625 2280 734 2320 honorem
753 2280 822 2331 atquc
841 2280 953 2331 approba·
987 2303 988 2306 =

53 2355 138 2396 tionem
155 2356 191 2397 sui
208 2355 318 2407 discipuli
334 2355 471 2407 praedilecti
488 2352 579 2396 locutus
596 2356 637 2395 est.
657 2344 767 2394 Coloniae
784 2353 856 2393 redux
873 2353 953 2393 Alter-

52 2431 92 2470 tus
104 2429 188 2470 iterum
203 2429 425 2471 «conrmendationes
440 2428 543 2480 eximias,
558 2427 678 2480 gloriosas,
695 2426 808 2467 excelsas»
825 2427 852 2468 de
867 2426 952 2467 Thema

52 2503 200 2555 propositor.
910 2507 912 2512 '

107 2579 224 2629 Agebatur
234 2577 294 2619 eninr
305 2579 362 2618 tunc
373 2578 400 2618 de
411 2576 514 2618 thesibus
526 2576 661 2628 quibusdam
673 2574 821 2627 manistram,
833 2586 891 2626 qliae
902 2575 951 2613 tum

55 2651 150 2692 Parisiis
166 2663 205 2702 per
221 2651 353 2703 episcopum
371 2651 514 2702 Stephanum
530 2648 635 2700 Tenrpier
651 2649 687 2690 die
704 2651 717 2690 7
734 2649 815 2690 martii
831 2649 885 2688 1277
902 2648 951 2687 turn

50 2725 136 2766 (laonii
150 2737 190 2777 per
204 2726 402 2777 archiepiscopum
418 2723 607 2767 Gantrrarien‘sem
622 2724 748 2764 Robertum
763 2722 900 2772 Kilwardby
915 2719 951 2760 die

53 2801 77 2842 18
91 2799 171 2840 martii
185 2801 237 2840 1211
252 2803 274 2841 11
288 2804 369 2851 postca
384 2811 424 2851 per
439 2797 634 2849 archiepiscopum
649 2797 764 2838 Pechham
778 2794 950 2848 proscribeban-

48 2876 116 2915 turll.
336 2916 337 2919 ,

105 2949 131 2990 S1
148 2948 258 2989 Albertus
277 2948 375 3000 Magnus
394 2945 499 2988 Parisios
516 2957 575 2986 111111
594 2947 647 2986 :lati
666 2945 717 2996 ivit,
738 2941 867 2994 capitulum
886 2952 949 2992 gene-

48 3023 97 3064 rale
116 3022 286 3063 Mediolanense
305 3022 361 3062 anni
379 3019 522 3072 insequentis
540 3019 701 3070 Rapinundum
721 3019 748 3058 de
767 3015 907 3056 Mevouillon
926 3017 949 3055 et
