2188 3178
71 97 100 136 78
402 100 523 135 constitutio
537 100 613 135 ordinis
638 79 642 86 ἣ

71 220 169 272 lidorii
183 220 288 273 dispersa
303 232 352 262 esse
366 221 481 275 videntur,
499 221 553 263 dum
568 223 597 263 ab
613 234 674 264 anno
689 222 744 263 1474
760 223 927 274 quodammodo
942 237 977 266 re-

72 295 187 347 gulariter
201 298 299 338 currunt
313 308 385 349 usque
399 297 492 339 hodiem

128 371 164 412 Ab
180 370 239 422 ipsis
254 370 345 413 ordinis
360 371 437 414 initiis
453 371 546 425 negotia
563 373 588 414 in
605 374 671 432 curia
689 375 793 416 Romana
809 375 976 426 pertractanda

72 448 146 487 eraut.
162 446 185 487 S.
200 446 337 488 Dominicus
350 446 443 499 eiusque
455 459 598 489 successores
611 449 729 501 personali
742 447 874 502 praesentia
887 447 977 490 instan-

72 521 108 560 ter
119 519 172 560 iura
185 521 208 561 et
220 519 344 573 privilegia
355 521 445 562 ordinis
456 522 587 563 roboranda
599 522 635 563 vel
648 522 775 565 obtinenda
787 522 966 567 sollicitarunt?

73 593 166 645 Elapsis
176 595 254 635 autem
264 594 346 646 paucis
357 594 591 648 decenniisspecialis
603 595 785 639 officialissicut
796 598 859 652 apud
870 595 929 638 alios
941 608 976 638 or-

71 666 156 709 dines¹⁹
173 667 208 709 ita
225 669 288 720 apud
304 669 391 712 iratres
408 669 584 711 Praedicatores
599 669 693 711 nomine
709 672 869 722 procuratoris
886 670 976 712 ordinis

71 743 177 794 apparet.
191 742 291 785 Parisiis
303 742 357 784 1256
371 743 426 785 haec
439 742 566 785 admonitio
579 745 690 785 notatur:
708 745 863 798 «Quicumque
876 745 904 787 de
917 747 976 786 cete-

71 827 98 856 ro
112 814 206 857 habebit
219 816 296 857 iacere
310 817 336 857 in
350 817 423 869 curia,
439 816 559 869 provideat
574 817 722 869 procuratori
737 819 765 860 de
780 819 887 871 expensis
901 830 976 860 neces.

72 888 141 930 sariis
156 890 187 931 ad
202 890 320 942 negotium
336 890 395 932 illud
406 894 445 932 »Ψ
462 892 530 932 Anno
545 891 600 932 1257
615 892 817 934 communicantur
832 892 975 935 memorialia

71 963 155 1005 fratris
171 963 267 1005 Troiani
283 965 441 1017 procuratoris
458 950 548 1006 ordinis
563 966 594 1006 ad
610 965 776 1017 magistrumn.
795 968 850 1009 1267
867 979 919 1009 vero
936 967 975 1008 ad-

2 1033 4 1035 ’
72 1040 196 1078 monentur
207 1038 294 1080 iratres
307 1071 312 1091 ‚
326 1038 366 1090 qui
377 1039 504 1080 mittuntur
516 1039 547 1080 ad
558 1038 648 1080 curiam
659 1039 695 1081 vel
707 1038 793 1081 ibidem
806 1043 935 1093 morantur,
949 1043 976 1081 ut

72 1123 118 1152 nou
130 1112 158 1153 de
169 1111 225 1154 aliis
236 1123 263 1154 ac
275 1112 325 1156 suis
335 1112 435 1166 negotiis
446 1112 481 1154 rel
493 1111 666 1164 pertinentibus
677 1114 708 1153 ad
721 1113 825 1155 ordinem
839 1116 885 1155 «et
897 1125 976 1156 secun-

72 1186 127 1227 dum
139 1185 263 1227 consilium
275 1188 299 1228 et
310 1198 428 1235 assensum
441 1185 601 1249 procuratoris
613 1186 704 1228 ordinis
716 1187 852 1239 generalis»
867 1200 891 1230 se
903 1187 976 1229 intro·
1029 1232 1031 1234 ,
1055 1208 1056 1211 =

72 1259 196 1300 mittant22.
212 1260 303 1301 Muneri
316 1260 474 1312 procuratoris
487 1260 534 1301 iam
547 1259 663 1312 dignitate
676 1263 700 1302 et
713 1263 828 1303 momento
842 1264 911 1314 aucto
925 1273 976 1314 gra-

71 1332 119 1373 tiae
134 1333 298 1385 adnectuntur,
315 1345 366 1375 cum
382 1333 505 1386 suffragiis
519 1333 704 1385 particularibus
719 1334 808 1376 ditetur
825 1349 836 1375 u
847 1335 868 1376 si
883 1335 908 1375 in
923 1346 975 1387 pro-

71 1406 200 1448 curationis
214 1406 292 1448 oificio
307 1407 430 1449 decesserit
440 1409 480 1448 „2³⁶
496 1408 532 1449 Ex
546 1408 675 1465 Humberto
690 1408 785 1463 patetr,
801 1410 890 1460 quoda
905 1408 976 1461 magi-

71 1482 120 1522 stro
135 1480 226 1522 ordinis
240 1480 401 1523 costitnendns
416 1483 451 1523 est
466 1493 555 1533 semper
570 1481 656 1534 aliquis
671 1482 746 1523 irater
762 1482 787 1523 in
803 1482 869 1524 curia
884 1482 975 1523 littera-

71 1556 117 1606 tus,
132 1554 247 1596 discretus
260 1556 284 1595 et
297 1555 384 1596 relator
398 1554 494 1607 ordinis,
510 1555 619 1615 honestae
633 1557 657 1596 et
670 1554 780 1597 amabilis
792 1554 975 1597 conversationis

71 1627 134 1668 inter
149 1628 287 1680 saeculares,
304 1628 384 1671 firmus
399 1628 425 1669 in
440 1640 518 1670 amore
534 1630 611 1670 status
627 1629 718 1670 ordinis
732 1631 756 1671 et
771 1630 918 1682 personatus,
936 1629 975 1681 qui

71 1701 103 1743 sit
115 1700 200 1743 ibidem
213 1689 328 1755 generalis
340 1701 428 1744 ordinis
440 1704 604 1754 procuratas..
619 1701 663 1744 Oui
676 1702 747 1744 etiam
761 1702 926 1744 committenda
939 1704 974 1744 est

71 1777 175 1826 potestas
191 1787 259 1827 super
274 1777 395 1826 apostatas
409 1775 498 1817 ordinis
513 1778 536 1816 et
551 1787 621 1828 super
635 1777 723 1818 iratres
737 1776 768 1817 ad
783 1774 872 1817 curiam
887 1774 975 1817 inordi-

70 1851 126 1890 nate
137 1849 254 1890 venientes
266 1850 290 1890 et
301 1848 372 1890 etiam
384 1860 452 1901 super
463 1848 517 1890 illos
529 1849 568 1902 qui
580 1848 689 1891 ordinate
699 1848 804 1901 veniunt,
818 1851 845 1890 ut
858 1861 909 1890 oum
922 1860 974 1890 oon-

71 1922 123 1963 silio
137 1934 179 1964 suo
192 1916 319 1974 procedant
332 1925 355 1964 et
369 1922 431 1964 circa
444 1922 492 1964 alia
505 1923 625 1975 quaedam,
640 1925 711 1975 prout
724 1922 799 1964 visum
813 1922 894 1974 fuerit,
909 1933 975 1975 expe-

70 1995 127 2037 dire.
142 1996 177 2036 De
189 1995 297 2048 expensis
309 2007 361 2037 vero
370 1995 396 2037 ,ei
409 1995 545 2038 necessariis
559 1997 625 2038 debet
639 2008 691 2045 aum
705 1995 867 2038 definitoribus
881 2006 974 2048 genera-

70 2070 102 2111 lis
117 2069 216 2122 capituli
231 2070 266 2111 vel
282 2082 323 2123 per
339 2082 371 2123 se,
389 2071 449 2123 quod
464 2069 592 2121 expedierit
609 2069 718 2112 ordinare
728 2083 748 2110 n.
767 2069 821 2111 Etsi
836 2071 975 2121 procurator

70 2143 174 2184 incuria
187 2144 291 2185 Romana
304 2155 351 2185 nou
365 2143 397 2185 sit
411 2143 517 2195 superior
529 2143 652 2197 regularis,
667 2145 746 2184 tamen
760 2145 811 2183 tum
825 2155 852 2184 ex
866 2153 909 2183 usn
923 2144 974 2185 tum

70 2216 187 2258 interdum
202 2229 230 2258 ex
246 2216 342 2270 speciali
356 2218 466 2259 mandato
482 2217 647 2269 capitulorum,
655 2215 798 2269 generalium
814 2216 900 2260 fratres
917 2227 975 2269 quos

72 2303 83 2329 u
93 2290 117 2330 in
132 2290 194 2332 dicta
207 2290 272 2332 ouria
285 2290 397 2343 repererit
409 2290 536 2333 insolentes
549 2302 589 2332 seu
602 2292 714 2343 vagantes
726 2288 829 2331 indebite
842 2292 925 2331 contra
938 2302 975 2332 or-

70 2363 132 2406 dinis
146 2363 289 2407 honestatem
302 2364 338 2406 vel
351 2364 435 2406 ibidem
449 2364 499 2406 sine
512 2364 574 2406 iusto
589 2365 613 2405 et
626 2361 764 2404 rationabili
778 2362 848 2405 titulo
862 2363 975 2405 exsisten-

70 2440 107 2478 tes
117 2451 136 2489 r,
150 2437 226 2479 debite
237 2438 321 2491 punire
333 2440 357 2480 et
368 2437 398 2480 ad
410 2438 500 2479 ordinis
513 2436 661 2489 disciplinam
674 2436 782 2477 reducere
795 2437 889 2478 debet²⁵.
924 2421 925 2425 Ἰ

125 2511 266 2553 Procurator
278 2511 393 2565 generalis
404 2512 494 2564 primus
507 2510 622 2559 Troianus
635 2510 663 2551 de
675 2510 753 2561 Regno
766 2509 915 2561 provincialis
929 2511 975 2551 Ro-

70 2595 153 2626 manus
165 2584 264 2639 exstitit,
280 2597 345 2638 quem
358 2585 445 2626 fratres
458 2597 486 2626 ex
499 2583 620 2638 provincia
633 2583 738 2624 Romana
751 2583 786 2625 vel
799 2586 902 2636 tempore
916 2584 973 2624 Ave-

70 2657 179 2699 nionensi·
192 2670 219 2700 ex
233 2659 360 2711 provinciis
374 2659 466 2712 gallicis
480 2660 523 2700 aut
538 2655 670 2709 Aragoniae
686 2656 760 2698 secuti
775 2660 838 2700 sunt.
856 2657 975 2709 Eylardus

70 2732 98 2774 de
114 2731 239 2774 Schdnteld
256 2733 327 2785 (1398)
344 2734 366 2774 et
382 2734 482 2774 Ioannes
499 2730 618 2783 Stojkovic
636 2730 748 2783 (1426s33)
765 2732 827 2774 alias
840 2729 973 2783 provincias

70 2805 139 2858 digne
154 2807 384 2856 repraesentamur.
402 2805 543 2848 Benedictus
557 2804 588 2845 XI
603 2804 697 2857 statuit,
715 2807 742 2847 ut
757 2806 896 2858 procurator
912 2803 975 2845 ordi-¹

68 2880 108 2922 nis
117 2879 173 2920 iicet
183 2891 198 2919 a
208 2879 319 2930 magistro
330 2879 455 2921 institutus
466 2879 509 2920 hoc
520 2878 630 2919 defuncto
641 2878 666 2919 iu
678 2879 755 2921 officio
767 2878 920 2932 permaneret,
934 2879 975 2920 do-

68 2965 110 2995 nec
128 2952 190 2994 alius
208 2952 319 3003 magister
336 2953 364 2994 de
381 2965 407 3002 eo
424 2952 494 2999 aliter
513 2951 672 3003 disponeret²⁷.
692 2953 792 3005 Saepius
809 2953 975 3004 procuratores

69 3027 158 3070 ordinis
173 3026 312 3069 vicariatum
327 3027 416 3069 ordinis
431 3026 465 3068 vel
481 3025 640 3077 magisterium
655 3026 762 3079 generale
778 3024 956 3066 obtinuerunt²³.
