2188 3178
103 47 143 87 154
429 46 475 79 Vita
492 46 512 79 et
529 46 582 79 00110
599 46 675 80 ordinis
714 68 717 74 «

102 173 227 215 dicationis
241 185 264 214 se
280 172 425 214 dedicarunt.
443 173 625 226 Praeparatiqne
640 175 670 215 ad
687 173 840 215 ministerium
855 173 1006 217 accedebant,

103 249 179 297 Quare
193 247 323 288 discedente
338 247 427 289 Didaco
442 248 471 289 ad
486 246 607 288 dioecesim
622 261 695 301 snam,
713 249 735 290 S.
752 247 886 291 Dominicus
901 247 937 289 ita
951 260 1008 301 apo·
1042 273 1043 277 =

104 322 198 362 Ι11011000
212 321 265 362 huic
280 321 346 362 ideae
360 334 387 363 ac
401 321 469 373 praxi
482 320 591 373 inhaesit,
608 325 635 362 11
651 335 696 363 non
712 323 785 364 solnm
800 333 856 373 opus
872 322 1007 374 incoeptum

103 391 273 436 (011111010111
289 395 329 436 sed
344 396 415 437 011011
431 395 499 436 sociis
514 395 611 436 adscitis
627 397 782 448 ampliarerit,
799 395 936 447 praesertim
953 409 1005 438 cum

102 471 131 510 ab
150 481 210 510 anno
228 470 283 509 1217
302 469 502 511 universalitatem
521 481 562 519 sno
582 469 694 512 instituto
714 471 803 512 intuitu
822 469 1008 521 praedicationis

103 539 239 585 efficacioris
254 543 343 595 primus
357 542 459 584 tribute.
482 563 483 566 ¹
801 553 802 556 ’

157 616 225 658 Filiis
237 618 287 659 suis
297 618 378 669 zelum,
392 628 436 668 qno
448 617 551 670 ardebat,
565 615 699 669 relinquens
711 617 757 660 vlm
769 617 1008 673 particularemttra*

102 690 171 744 didit,
193 703 251 743 quae
271 703 312 743 per
333 691 449 732 saeculum
469 691 535 737 XIII¹
548 690 657 732 maxime³
679 692 811 741 innotescit.
834 694 896 733 Dum
917 692 1004 733 iratres

102 766 277 807 Praedicatores
294 765 354 805 sient
371 767 393 806 et
409 765 495 807 iratres
511 764 613 806 Minores
630 777 710 806 curam
726 766 854 807 animarum
872 778 913 818 per
930 766 1008 807 conci-

102 839 159 879 lium
175 839 328 880 lateranense
343 840 382 880 IV¹
392 838 532 879 inculcatam
547 839 675 880 universali
691 840 757 880 modo
773 842 965 892 01101101011114
981 844 1004 881 01

103 913 191 954 Summi
207 913 331 954 Pontifices
347 912 461 954 iratribus
477 912 682 959 Praedicatoribns
699 913 801 955 cilicium
818 916 841 955 et
856 915 929 955 honos
946 916 1007 954 tam-

103 1000 170 1039 qnam
188 986 430 1047 totaliterdeputatis
448 988 477 1027 ad
495 986 691 1037 praedicationem
710 989 845 1035 concedunt,
865 989 957 1029 statuta
977 988 1004 1028 de

102 1060 240 1101 formatione
256 1059 449 1112 praedicantium,
468 1072 524 1112 quae
541 1060 565 1100 in
583 1060 790 1103 constitutionibus
804 1061 863 1101 anni
880 1062 935 1102 1228
952 1073 1007 1102 con-

102 1134 213 1183 tinentur,
231 1145 315 1186 magna
330 1146 357 1174 ex
374 1136 440 1185 parte
456 1135 485 1174 ad
501 1136 590 1184 patrem
607 1134 797 1175 Praedicatorum
815 1136 837 1175 S.
856 1134 1003 1175 Dominicum

102 1209 180 1249 reduci
195 1220 260 1259 posse
275 1207 391 1248 ridentur.
699 1260 701 1263 ἡ

155 1284 211 1323 Post
234 1283 325 1322 donmm
349 1281 484 1322 Prulianam
509 1284 625 1322 «sanctae
649 1281 851 1333 praedicationis»
876 1285 1007 1324 conventus

101 1356 236 1407 quicumque
250 1357 355 1396 centrum
367 1355 470 1396 actionis
486 1354 558 1395 divini
574 1355 687 1397 sermonis
703 1368 751 1396 esse
767 1355 852 1397 debuit.
870 1357 1003 1397 (1011011111

100 1442 165 1470 suam
181 1429 280 1470 diaetam
297 1428 344 1469 sive
361 1443 371 1468 u
383 1428 600 1480 praedicationem»
617 1428 665 1469 sire
681 1429 805 1469 terminum
821 1429 968 1481 habuerunt,¹
978 1429 1003 1470 in

100 1516 145 1555 qua
160 1503 292 1551 ordinarius
308 1514 387 1543 eorum
402 1502 508 1543 influxus
522 1503 679 1543 exercebatur.
698 1503 726 1543 In
742 1503 779 1545 his
793 1503 900 1544 terminis
915 1504 1006 1544 iratres

100 1578 171 1619 etiam
182 1579 319 1628 quaestuare
330 1578 446 1628 poterant.
459 1577 576 1617 Pendebat
588 1576 664 1616 vietus
675 1588 702 1617 00
713 1576 762 1617 rita
773 1579 874 1617 fratrum
886 1590 913 1618 ex
924 1577 1005 1617 termi-

101 1663 130 1692 no
146 1652 206 1692 sicut
221 1662 298 1692 eorum
314 1650 376 1691 actio
392 1650 445 1690 huic
460 1645 558 1691 termino
574 1650 755 1701 applicabatur-⁵.
773 1650 835 1691 Lites
852 1651 879 1691 de
895 1649 1005 1691 terminis

101 1725 193 1776 saepius
207 1724 341 1765 oriebantur
355 1726 378 1764 et
391 1723 504 1764 finiendae
518 1726 592 1764 01011.
608 1726 685 1772 Quare
699 1724 799 1767 'treviris
813 1736 873 1764 0110
887 1725 942 1764 1249
956 1727 1006 1765 sta--

100 1801 178 1839 tntum
189 1801 235 1839 est:
250 1812 261 1837 u
272 1798 368 1838 Fratres
380 1797 407 1837 de
417 1808 463 1837 una
473 1796 592 1848 provincia
603 1808 649 1837 non
660 1797 795 1849 praedicent
805 1797 851 1838 nisi
861 1797 886 1837 in
898 1798 1003 1838 transitu·

100 1872 162 1913 infra
179 1871 290 1912 terminos
305 1871 404 1911 alterins
420 1870 550 1921 provinciae
567 1882 608 1911 nec
625 1873 746 1922 quaestum
763 1870 851 1912 iaciant
867 1870 914 1911 nisi
931 1871 958 1911 de
976 1871 1002 1910 li-

100 1946 175 1987 sentia
186 1945 271 1996 prioris
281 1944 432 2002 provincialis
444 1945 477 1985 101
489 1944 656 1994 conventualis,
669 1945 699 1985 ad
711 1954 767 1996 quos
778 1944 896 1996 pertinent
908 1945 1003 1985 termini

99 2020 219 2071 praedicti.
232 2019 298 2069 Quod
309 2018 329 2059 si
340 2020 368 2059 de
378 2020 453 2058 cetero
464 2017 536 2069 aliqui
546 2019 659 2070 iacerent,
671 2021 796 2059 teneantur
807 2018 930 2059 restituere
941 2018 1005 2070 prio--

99 2095 121 2133 ri
132 2093 277 2134 comentuali
288 2078 313 2131 in
324 2076 391 2133 cuius
402 2092 507 2132 terminis
519 2092 608 2144 aliquid
620 2091 786 2143 acquisiverint
797 2094 826 2131 »⁶2

155 2153 261 2209 Generali
278 2168 345 2207 morlo
362 2166 498 2217 quicumque
515 2168 621 2206 sacerdos
639 2168 757 2216 protessus
775 2165 861 2208 ordinis
879 2166 1001 2206 Praedica.

98 2248 175 2282 torum
190 2240 319 2282 ministerio
334 2239 398 2281 verbi
412 2240 485 2280 divini
499 2239 657 2280 annuntiandi
672 2240 802 2280 devoretur.
820 2238 898 2280 Etiam
914 2240 1004 2290 protes-s

100 2326 162 2356 sores
174 2315 197 2355 in
211 2316 252 2356 hoe
264 2315 397 2366 apostolatu
412 2313 593 2365 participabant,
609 2314 684 2364 quoad
698 2305 818 2363 occupatio
831 2313 863 2354 eiu
878 2313 951 2354 otium
966 2313 1003 2354 rel.

100 2401 182 2430 numus
199 2388 388 2429 universitarium
405 2387 521 2428 interdum
538 2387 690 2438 praedicandi
708 2389 854 2438 praeceptum
871 2387 943 2429 dedit.

154 2464 277 2503 litantem
293 2463 380 2503 iratres
395 2462 483 2509 ordinis
498 2462 691 2502 Praedicatorum
707 2461 760 2500 boni
775 2462 947 2512 praedicatores
964 2461 1004 2501 tie-⁴

99 2539 159 2587 rent,
174 2539 240 2577 caute
254 2539 278 2577 et
291 2535 472 2587 prudentissime
487 2538 589 2587 tempore
604 2534 724 2585 primitivo
740 2536 894 2586 statuebatur,
911 2537 939 2574 ut
953 2535 1004 2573 iram

100 2615 136 2650 ter
153 2609 217 2660 prius
234 2611 282 2650 suis
301 2610 416 2650 iratribus
434 2608 587 2660 praedicaret,
607 2607 690 2648 deinde
708 2609 853 2658 praedicator
872 2607 1004 2649 comminus

99 2683 171 2735 fieret,
183 2684 270 2723 [lenium
280 2683 300 2724 si
308 2683 446 2724 facultatem
456 2695 483 2723 ac
492 2681 592 2733 gratiam
602 2680 717 2733 habuerit,
728 2683 757 2723 ad
767 2682 954 2734 praedicaturam
965 2691 1004 2731 ge-

98 2756 206 2809 neraiem,
224 2769 280 2808 qnae
295 2757 369 2797 maior
386 2756 488 2808 dignitas
504 2755 570 2795 iuxta
587 2754 717 2806 superiores
732 2758 790 2808 erat,
808 2755 1002 2807 promoveretur.¹

97 2831 143 2872 Hic
153 2830 228 2871 adhuc
239 2830 350 2882 quaedam
361 2830 472 2882 specialia
483 2830 627 2881 repetantur,
641 2841 698 2881 qnae
709 2841 750 2881 pro
762 2829 835 2870 variis
845 2826 1004 2879 qualitatibus

96 2903 281 2956 praedicantium
295 2903 453 2945 occurrebant.

154 2977 271 3030 Imprimis
289 2989 316 3017 ex
333 2976 539 3018 constitutionilms
557 2977 613 3018 anni
631 2978 685 3018 1228
703 2977 830 3018 notandum
848 2975 908 3026 quod
928 2987 938 3013 c
949 2976 1004 3015 nul-
