2101 3187
386 69 503 105 decidendo
514 70 678 103 constltutlomnn
960 70 987 110 31

135 198 303 250 (mmplectitnr
315 195 417 236 redactio
430 192 626 234 constitutionum
638 194 817 244 Itaymundiana
830 195 950 248 prologum
962 199 989 239 ct

79 272 137 313 duas
151 272 321 314 distinctiones.
336 269 415 310 Prima
428 266 550 308 distinctio
564 266 647 319 viginti
659 269 682 308 61
695 267 771 309 altera
785 268 907 310 distinctio
921 268 985 322 qnin-

80 346 153 388 decim
168 346 279 399 capitulis
294 344 394 384 constat.
412 342 470 383 illae
487 341 571 394 viginti
586 343 628 382 snb
644 344 743 394 quatuor
759 342 985 384 considerationibus

80 421 153 463 dividi
166 422 271 474 possunt.
287 419 347 459 ‚llum
361 415 420 457 enim
434 418 489 457 ante
502 416 580 457 omnia
594 415 751 457 ordinationes
766 417 799 457 rei
813 416 945 469 spiritualis
959 419 986 458 ut

79 495 182 536 officinm
200 491 389 542 ecclesiasticum,
407 489 581 542 inclinationes,
601 490 716 543 suffragia
734 494 879 532 mortuorum
897 502 985 543 ponun-

79 572 126 622 tur,
141 570 166 609 in
181 566 281 608 secundo
296 565 344 605 loeo
360 564 408 606 vita
422 564 560 617 quotidiana
575 565 695 617 regulatur
710 577 750 616 per
766 564 942 616 dispositionem
957 565 985 606 de

79 642 181 693 ieiuniis,
197 639 298 691 (1661116,
314 638 487 690 decollatione,
505 641 532 680 de
546 638 653 691 infirmis,
670 639 696 679 de
712 638 849 691 minutione,
866 638 983 691 delectis,

80 719 107 759 de
121 714 216 765 vestitu,
232 714 259 755 de
273 725 363 765 rasura,
379 713 407 754 de
421 712 523 764 silentio,
539 712 610 768 tertio
624 713 673 754 loco
688 713 716 753 de
730 712 850 765 intrando,
867 714 985 765 probando

78 794 101 832 et
111 788 243 841 profitendo
255 787 334 828 ordine
344 787 430 840 agitur.
442 788 534 836 Quarta
544 789 568 827 et
578 786 661 828 ultima
672 787 743 829 sectio
754 786 844 839 primae
855 787 985 829 distinctio-

78 863 116 904 nis
131 861 233 903 codicem
248 862 367 914 paenalem
383 860 494 902 continet.
512 860 640 902 Distinctio
656 862 757 903 secunda
772 860 862 913 pariter
878 860 903 901 in
919 861 985 902 secti-

78 947 134 977 ones
148 938 249 988 qnatuor
263 935 347 977 resolvi
360 937 445 988 potest.
462 934 542 976 Prima
557 935 628 976 sectio
643 935 773 988 capitulum
788 935 889 987 primum
905 936 932 976 de
947 935 985 976 do-

78 1009 154 1052 mibus
166 1009 244 1062 habet,
257 1009 328 1051 sectio
341 1009 442 1051 secunda
454 1009 482 1050 de
494 1009 606 1051 electione
618 1011 641 1049 et
653 1011 770 1061 potestate
783 1009 920 1051 officialium
933 1020 984 1050 661-

78 1084 230 1138 ventualium,
249 1082 427 1136 provincialium
444 1085 467 1124 et
484 1083 558 1124 161116
575 1083 663 1125 ordinis
680 1083 727 1125 6116
745 1083 854 1136 magistri
871 1083 984 1136 generalis

78 1158 126 1200 sive
138 1158 287 1200 definitorum
299 1159 395 1199 tractat.
410 1158 521 1210 Sequitur
534 1157 656 1210 dispositio
669 1158 815 1210 singulorum
828 1157 985 1210 capitulorum
1009 1166 1011 1169 ·

78 1231 218 1285 quotidiani,
233 1231 390 1285 provincialis,
405 1232 521 1284 generalis
534 1235 558 1272 et
570 1232 746 1285 generalissimi.
763 1232 852 1274 Ultimo
867 1233 985 1273 1161111116-

35 1360 36 1364 *
78 1306 180 1348 11111661
194 1305 297 1348 statibus
310 1307 411 1348 fratrum
425 1305 449 1346 in
465 1305 540 1358 specie
554 1318 635 1358 nempe
649 1308 676 1348 de
690 1306 862 1358 usitatoribus,
878 1306 906 1347 de
920 1317 985 1358 prae·

78 1380 231 1433 dicatoribus,
243 1383 271 1422 de
281 1380 455 1430 itinerantibus,
468 1381 496 1421 de
507 1380 662 1431 studentibus,
676 1383 703 1422 de
714 1380 831 1421 conversis
843 1380 871 1421 fit
881 1381 983 1422 sermo21.

211 1532 264 1591 §6.
281 1533 425 1576 Generalatus
446 1532 580 1575 venerabilis
598 1532 688 1575 Ioannis
704 1533 831 1576 Teutonici.

133 1666 295 1718 Magisterium
308 1667 412 1719 generale
425 1678 487 1707 1116
499 1666 638 1708 venerabilis
649 1666 746 1707 Ioannis
758 1669 899 1708 momentum
912 1667 985 1719 parti-

77 1742 156 1783 culare
173 1741 198 1782 in
215 1754 240 1783 eo
257 1742 333 1794 habet,
352 1743 411 1794 quod
428 1742 485 1783 ordo
502 1741 692 1783 Praedicatorum
709 1753 736 1783 ex
754 1743 819 1783 statu
836 1741 984 1783 formationis

77 1816 108 1858 ad
124 1815 247 1869 fastigium
264 1815 415 1869 perfectionis
431 1815 562 1864 ascenderit
579 1818 602 1857 et
619 1817 733 1858 adductus
751 1815 791 1857 sit.
811 1817 888 1868 Atque
905 1817 985 1869 guber-

77 1891 142 1932 nium
158 1902 299 1944 supremum,
315 1892 374 1944 quod
389 1903 403 1932 a
418 1894 499 1932 sancto
514 1891 639 1932 fundatore
654 1903 695 1943 per
709 1892 803 1933 beatum
820 1892 946 1932 Iordanum
962 1894 985 1932 et

78 1966 185 2006 sanctum
200 1966 362 2017 Rapmundum
376 1965 541 2006 transmissum
555 1965 610 2018 fuit,
626 1966 656 2007 ad
671 1966 782 2007 Ioannem
798 1967 826 2007 de
839 1965 985 2007 1111166161-

77 2051 118 2081 661
130 2039 226 2081 natione
238 2040 388 2081 Teutonicum
400 2039 477 2081 virum
489 2050 541 2080 1616
554 2040 669 2092 egregium
681 2039 794 2092 pervenit,
809 2040 847 2081 cui
859 2051 985 2081 consensus

77 2125 214 2155 coaevorum
230 2115 253 2155 et
269 2115 414 2166 posterorum
431 2113 494 2155 beati
509 2113 606 2155 titulum
623 2113 741 2155 decrevit.

133 2189 153 2230 Ε
170 2187 278 2229 manibus
296 2189 319 2230 S.
339 2187 455 2229 Dominici
472 2199 534 2229 anno
552 2188 605 2229 1220
623 2187 742 2229 Bononiae
761 2189 861 2231 Ioannes
880 2187 984 2230 habitum

77 2261 168 2304 ordinis
180 2262 299 2304 obtinuir.
312 2262 356 2304 Vir
368 2261 453 2315 gravis,
466 2273 541 2303 annos
552 2261 637 2303 aetatis
648 2263 675 2303 40
687 2265 766 2314 natus,
780 2261 805 2302 in
818 2261 922 2304 scientiis
934 2274 984 2304 eru-

77 2334 150 2388 ditus,
163 2335 189 2376 in
201 2336 253 2377 iure
265 2335 422 2389 peritissimus
433 2336 538 2377 clarebat
551 2337 575 2377 et
587 2347 714 2378 sermonem
727 2336 889 2389 multiplicem,
904 2348 985 2388 nempe

77 2411 170 2461 praeter
182 2410 338 2461 germanicum
349 2413 373 2451 et-
384 2410 484 2451 latinnm
496 2409 567 2451 etiarn
578 2410 692 2462 italicum,
706 2410 817 2462 gallicum
829 2415 852 2451 et
865 2412 984 2462 quemdam

77 2496 104 2525 ex
122 2483 277 2525 orientalibus
295 2485 410 2526 callebat³.
432 2486 559 2536 Postquam
577 2484 599 2524 in
619 2484 731 2525 comitatu
751 2484 906 2525 cardinalium
924 2484 984 2536 lega-

77 2561 155 2605 161111
172 2557 220 2598 6116
235 2569 277 2608 pro
293 2558 385 2611 negotio
401 2559 487 2599 Terrae
503 2560 598 2600 sanctae
614 2558 661 2599 sire
677 2570 719 2610 pro
737 2557 863 2611 disciplina
880 2557 985 2600 ecclesia-

77 2632 138 2674 stica
151 2632 307 2673 instauranda
321 2644 361 2684 per
375 2632 524 2674 Germaniam
539 2632 720 2674 constitutorum
735 2636 787 2674 tum
801 2632 984 2684 praedicatorem

77 2708 205 2748 ferventem
218 2707 268 2746 tum
281 2706 441 2748 consiliarium
455 2706 584 2758 sapientem
598 2718 621 2748 se
634 2707 750 2758 probavit,
765 2707 821 2748 1231
835 2707 985 2758 provincialis

77 2781 180 2822 fratrum
197 2779 221 2820 in
238 2779 361 2831 Hungaria
378 2783 401 2822 et
418 2781 473 2823 1233
490 2780 612 2833 episcopus
629 2781 754 2823 Bosnensis
773 2782 923 2823 renuntiatus
940 2786 982 2823 est.

80 2854 219 2896 indissidio
234 2855 311 2905 Papae
325 2857 348 2894 et
362 2856 469 2896 Andreae
486 2856 511 2896 11
526 2854 587 2907 regis
602 2855 738 2907 Hungariae
753 2867 767 2896 a
782 2856 919 2908 praesulatu
934 2868 984 2897 exo-

77 2931 156 2970 nerari
169 2930 223 2971 1231
236 2927 387 2981 impetaris,
402 2932 428 2970 at
441 2929 496 2970 aliis
509 2928 755 2971 administrationibus
768 2930 876 2972 humeros
889 2928 983 2972 submit-

77 3006 127 3045 tere
143 3003 231 3057 debuit,
249 3003 302 3045 1238
318 3002 348 3044 ad
364 3004 488 3055 regemlam
505 3002 647 3054 provinciam
664 3003 826 3045 11611111111611165
845 3009 867 3045 et
884 3004 937 3044 mn
953 3003 984 3045 ad
