2101 3187
113 109 171 150 Cum
187 110 243 150 ordo
259 109 450 152 Praedicatorum
466 109 533 151 iuxta
549 109 701 151 intentionem
717 110 852 153 fundatoris
867 111 960 153 nonnisi
973 87 974 96 γ

54 172 86 226 ad
103 183 198 226 facilins
216 185 355 231 reddendam
373 183 599 226 administrationem
617 185 642 226 in
660 184 737 226 varias
755 185 885 238 provincias
904 186 961 226 divi-

56 268 95 298 sus
108 256 189 309 1110111,
203 257 335 310 provinciae
348 269 395 299 non
409 256 687 315 districtusvisitationis
700 258 735 299 vel
748 257 899 310 particularis
913 270 959 299 mo-

53 331 78 373 di
95 331 187 373 vivendi
202 344 241 373 seu
258 331 417 375 observantiae
434 334 501 374 erant
517 334 557 374 scd
573 332 694 375 districtus
711 332 930 375 adminsitrationis.

111 408 144 448 At
165 407 185 448 si
206 408 306 457 societas
327 407 529 461 Peregrinantium
552 409 645 460 praeter
664 408 798 460 provincias
820 408 956 449 distinctam

54 481 167 524 ditionem
188 484 312 534 formabat,
334 483 360 523 11
381 481 487 535 registris
509 482 597 525 ordinis
619 483 662 524 sub
684 482 779 535 speciali
801 481 914 524 divisione
934 484 958 523 01

11 593 13 598 ,
53 543 147 598 rubrica
163 560 320 610 memoratam,
337 568 364 598 ex
379 556 509 609 praeceptis
524 559 548 598 et
562 555 690 610 privilegiis
705 568 721 598 a
734 556 853 609 magistris
869 556 957 597 ordinis

54 631 89 671 vel
104 630 175 683 Papis
190 631 305 673 concessis
319 642 403 683 corpus
417 630 504 672 iurium
519 630 564 672 sibi
578 629 769 683 congregationes
782 632 955 681 compararunt.

75 700 77 702 ’
107 706 141 748 De
153 705 252 758 singulis
264 705 481 760 congregationibus
493 704 604 762 disserere
616 717 699 758 easque
710 706 746 748 vel
758 706 807 747 solo
818 705 912 747 elencho
924 717 957 747 re-

50 792 144 823 censere
160 793 355 833 supervacaneum
380 785 422 824 aut
437 780 579 833 impossibile
604 779 760 833 existimatur,
785 791 837 820 cum
863 778 957 831 indaga-

51 855 126 898 tiones
142 855 250 907 pr'aeviae
264 855 398 907 plerumque
414 854 490 896 desint
506 857 530 897 et
544 857 595 896 tota
608 866 645 896 res
659 855 690 895 ad
706 853 870 906 generaliorem
885 852 956 894 histo-

50 928 99 971 riae
112 917 278 981 expositionem
291 940 374 981 parum
386 929 507 970 conducat.
602 977 603 981 Ἰ

73 1055 74 1058 ¹
106 1001 248 1043 Notissimae
260 1001 372 1053 quaedam
383 1000 571 1053 congregationes
582 1000 722 1043 mentionem
734 1000 856 1053 specialem
868 1011 954 1041 meren-

51 1078 98 1116 tur.
115 1076 176 1116 Ante
191 1080 269 1116 omnes
282 1075 325 1116 illa
339 1074 488 1126 congregatio
503 1073 651 1115 lombardico.
667 1075 756 1116 Nomen
771 1074 823 1126 ipsa
837 1074 926 1126 recepit
939 1085 954 1116 a

48 1149 157 1201 partibus
169 1149 327 1203 lombardiae,
341 1150 382 1191 ubi
393 1161 434 1202 per
446 1150 556 1191 Ioannem
568 1148 683 1192 Dominici
695 1149 844 1192 observantia
855 1151 955 1201 primum

48 1225 74 1265 in
87 1224 160 1266 ltalia
171 1224 307 1267 introducta
317 1225 371 1267 luit.
386 1226 518 1267 Conventus
530 1221 653 1267 Venetiani
664 1229 715 1267 tum
728 1226 752 1268 S.
766 1224 890 1277 Dominici,
904 1226 952 1265 tum

51 1300 92 1340 S.
111 1299 209 1342 Ioannis
224 1301 247 1340 01
263 1299 332 1341 Pauli
349 1310 376 1340 ac
392 1298 558 1340 monasterium
575 1299 684 1350 Corporis
700 1297 789 1340 Christi
806 1297 891 1339 Ioanni
908 1297 954 1339 Do-

49 1371 130 1413 minici
146 1365 233 1414 vicario
249 1372 352 1424 generali
367 1384 428 1427 anno
444 1372 499 1414 1393
517 1373 680 1424 subdebantur,
699 1383 769 1424 quare
786 1372 815 1413 ab
831 1358 874 1413 illo
890 1382 953 1412 anno

49 1438 158 1487 fundatio
171 1445 241 1487 huius
254 1445 440 1498 congregationis
454 1444 575 1497 repetitur.
593 1460 603 1485 c
614 1446 658 1487 Cui
671 1457 725 1487 vero
738 1445 853 1498 paulatim
867 1446 952 1486 nedum

46 1531 76 1559 01
92 1520 190 1572 utraque
205 1518 326 1570 provincia
341 1519 493 1561 Lombardiae
508 1519 627 1560 interioris
642 1522 665 1560 et
682 1518 808 1571 superioris
824 1520 865 1560 sed
880 1518 952 1559 etiam

48 1604 76 1632 ex
95 1593 200 1633 Romana
219 1595 243 1634 et
261 1592 336 1646 Regni
354 1591 480 1645 provinciis
499 1592 596 1634 maiores
617 1604 644 1634 ac
663 1591 841 1645 principaliores
861 1591 950 1644 domus,

48 1665 205 1707 Minervitana
218 1665 307 1708 scilieet
321 1666 391 1709 Urbis
404 1678 465 1708 anno
478 1667 533 1707 1421
546 1669 569 1707 01
583 1667 606 1708 S.
622 1663 739 1708 Dominici
752 1664 850 1707 Maioris
862 1665 951 1717 Neapo-

45 1725 122 1782 litana
136 1741 197 1794 1493.
213 1741 246 1782 sic
260 1740 354 1783 iubente
367 1730 479 1794 magistro
493 1728 581 1783 ordinis
595 1742 632 1783 vel
646 1741 716 1783 etiam
731 1742 824 1783 Summo
838 1740 951 1781 Pontifiec

29 1828 30 1831 ¹
46 1811 151 1854 adscitae
167 1816 252 1854 sunt».
695 1855 697 1857 .

102 1887 140 1927 Ad
159 1886 218 1927 hanc
236 1888 437 1940 congregationem
456 1899 516 1930 anno
535 1889 590 1930 1451
609 1891 735 1931 conventus
754 1890 905 1932 Florentinus
924 1893 948 1934 S.

38 1960 119 2002 *Marci
135 1961 266 2016 uniebatur,
284 1965 374 2014 etpost
390 1952 584 2015 interruptionem
602 1965 640 2018 (ab
655 1965 717 2017 1465)
733 1966 817 2008 iterum
834 1967 895 2020 1414,
913 1979 950 2009 ac-

45 2033 180 2076 cedentibus
196 2047 284 2088 quoque
299 2037 329 2077 acl
344 2037 487 2078 lombardam
503 2036 636 2079 societatem
652 2039 803 2081 conventibus
818 2039 949 2081 Faesulano

43 2108 68 2147 et
81 2106 104 2148 S.
119 2108 258 2150 Geminiani.

101 2181 155 2221 Zelo
169 2182 243 2224 multo
257 2183 379 2236 indulgens
395 2185 493 2226 Thomas
508 2185 536 2226 de
550 2186 623 2227 Leuoo
638 2187 739 2233 vicarius
753 2188 869 2241 generalis
883 2190 949 2232 Lom-

43 2255 168 2325 bardprum
184 2257 238 2298 1459
255 2270 270 2299 a
285 2258 329 2301 Pio
345 2260 371 2301 ΙΙ
387 2260 498 2302 Mantuae
514 2263 669 2314 commorante
685 2262 820 2316 impetravit
836 2266 949 2308 constitu-

42 2323 129 2372 tionem
142 2330 265 2384 inridicam
280 2330 632 2388 congregationislombardicae
646 2341 800 2380 conventuum
813 2340 949 2381 reformato-

43 2416 95 2445 rum
106 2406 129 2445 ct
140 2405 340 2448 reformandorum
352 2408 484 2450 immediate
496 2409 607 2462 magistro
619 2411 722 2463 generali
733 2411 851 2456 subiectae
861 2413 947 2466 absque

41 2479 92 2521 nlla
106 2479 244 2521 intermedia
257 2482 399 2525 auctoritate
414 2482 563 2536 provincialis
578 2496 605 2526 ac
618 2485 733 2528 facultate
747 2487 818 2528 etiam
832 2487 948 2529 celebran-

41 2553 67 2595 di
81 2552 184 2606 capitula
197 2565 240 2594 sua·
252 2555 370 2606 pollentis.
386 2558 538 2606 Qiramobrem
552 2560 594 2602 sub
606 2558 649 2602 Pio
663 2560 690 2601 II
704 2560 822 2602 dissensus
834 2560 898 2603 inter
911 2574 946 2605 ca-

41 2631 85 2692 put
100 2627 189 2671 ordinis
203 2630 227 2670 et
242 2629 322 2671 ducem
338 2632 517 2676 observantium
532 2634 684 2678 Lombardiae
698 2635 849 2677 notabantur.

30 2754 32 2756 Ι
98 2704 119 2744 Α
134 2701 310 2755 congregatione
324 2703 467 2747 lombardica
481 2699 637 2768 Hieronymus
652 2710 794 2753 savonarola
808 2716 946 2754 conventum

41 2778 116 2820 Marci
131 2768 256 2831 subtranit,
273 2780 300 2819 ut
316 2779 475 2823 observantias
492 2784 602 2834 quasdam
626 2784 768 2831 institueret.
795 2788 828 2829 At
852 2790 946 2830 nonnisi

41 2863 104 2894 anno
113 2852 168 2895 1494
177 2851 324 2905 congregatio
334 2852 358 2893 S.
370 2853 395 2893 111
396 2855 445 2894 orci
455 2856 586 2899 constituta
595 2859 631 2900 est
641 2857 747 2911 delegata
756 2871 798 2912 per
808 2860 944 2913 magistrum

40 2915 131 2968 ordinis
148 2926 288 2981 Hieronymo
306 2926 448 2973 savonarola
465 2931 581 2981 potestate
598 2933 756 2985 provincialis.
775 2936 945 2978 interveniente
