2188 3178
95 138 136 178 226
420 143 514 177 iivoiutio
530 146 677 184 provinciarum

95 268 194 310 Iacobus
209 268 281 309 Fabri
297 269 327 311 de
342 271 453 326 smenon,
470 272 568 314 Iacobus
586 274 708 327 Sprenger,
726 275 810 316 Petrus
827 276 899 317 Siber.
918 279 1004 319 Eorum

95 340 196 394 regimen
211 343 401 394 potentissimum
416 348 439 387 et
455 346 547 397 sapiens
563 348 668 391 habitum
684 351 726 391 est.

151 414 204 457 Etsi
218 415 267 457 vita
280 417 383 460 fratrum
397 418 589 461 Praedicatorum
603 433 650 463 non
664 423 742 464 eodem
757 422 823 464 modo
834 423 873 471 ,vel
887 423 966 465 eadem
980 424 1003 466 vi

96 487 158 530 sieut
170 487 195 529 in
209 491 299 533 ceteras
311 493 389 535 terras
402 493 479 535 subito
493 493 624 546 transierit,
638 497 716 537 tamen
730 496 789 537 mira
803 495 1002 548 profunditatem

94 563 227 616 regionibus
243 567 382 618 germanicis
397 569 489 620 recepta
504 570 547 610 est.
834 616 835 619 ,

152 637 289 680 Studiorum
299 642 405 681 centrum
414 640 439 681 in
449 643 562 682 conventu
573 642 707 685 Coloniensi
717 645 779 696 apud
789 642 934 696 metropolim
944 645 1002 687 Rhe-

93 723 179 753 nanam
190 713 293 765 positum
304 716 347 757 est.
360 714 496 758 Coloniense
507 715 642 759 coenobium
652 720 715 761 velut
727 718 855 771 principale
866 719 940 761 totius
952 732 1002 772 pro-

95 784 185 828 vinciae
193 786 330 829 habebatur.
341 789 373 829 nt
382 790 436 830 dum
445 788 520 830 medio
530 789 622 832 saeculo
631 791 685 833 XIV
694 790 724 833 lis
733 792 795 833 inter
803 790 1001 844 archiepiscopum

94 862 118 901 et
130 860 280 903 Colonienses
291 863 378 904 iratres
390 862 569 904 Praedicatores
576 864 685 919 ardebat,
700 867 751 906 tota
763 864 883 917 provincia
894 869 1001 907 eventum

94 932 157 975 huno
168 935 264 977 anxiose
277 936 420 977 observabat.
435 937 464 977 In
477 937 568 979 saeculo
581 938 620 979 XV
632 940 751 980 nostrates
764 942 787 981 et
800 939 906 981 doctrina
919 940 1001 981 thomi-

95 1008 155 1049 stiea
165 1008 257 1061 eximia,
268 1009 428 1051 observantiae
438 1010 511 1062 cultu,
522 1010 610 1062 pietate
620 1012 743 1054 rosariana
753 1012 848 1065 speciali
858 1024 940 1054 nomen
950 1015 1001 1054 tan-

94 1082 115 1123 ti
124 1085 250 1124 conventus
260 1085 310 1124 tum
320 1083 410 1125 coaevis
420 1084 470 1126 suis
479 1086 530 1126 tum
540 1084 659 1134 historicis
669 1086 800 1128 venerabile
810 1087 944 1129 reddebant.
1021 1139 1023 1143 .

150 1157 179 1197 In
191 1156 245 1198 aliis
258 1157 409 1199 conventibus
422 1170 511 1211 quoque
524 1170 542 1200 e.
557 1171 578 1212 g.
593 1159 767 1214 Argentinensi,
782 1161 918 1213 Basileensi7
932 1161 1001 1203 Vien-
1023 1200 1025 1204 ,
1072 1162 1073 1165 ’

48 1229 50 1232 ’
94 1230 161 1272 nensi
173 1230 253 1272 studia
263 1231 419 1283 particularia
431 1232 544 1274 virebant.
559 1234 620 1275 Dum
633 1236 759 1286 praeeunte
772 1235 799 1275 Β.
813 1235 909 1276 Aiberto
922 1235 1000 1286 plures

94 1305 193 1347 Parisiis
206 1305 328 1358 docebant,
342 1306 385 1347 alii
398 1306 423 1347 in
438 1306 572 1359 magisterio
586 1307 621 1349 vel
635 1307 774 1355 studentatri
788 1307 920 1351 inveniendi
934 1311 1001 1350 erant

91 1381 154 1432 apud
170 1380 336 1423 universitates
351 1381 519 1436 (1010111010οω,
536 1382 719 1435 Eriordiensem‚
736 1382 885 1436 Lipsiensem
902 1382 1011 1436 Pragen-'

92 1466 146 1509 sem,
165 1455 327 1508 Viennensem,
347 1456 506 1510 Graecensem,
525 1455 689 1510 Basileensem‚
708 1456 931 1509 Heidelbergensem,
950 1456 1001 1497 Fri-

93 1528 237 1582 burgensem,
250 1528 412 1581 oxoniensem,
424 1529 557 1581 senensem,
570 1529 715 1581 Perusinam,
728 1528 908 1571 Ferrariensem.

146 1603 183 1644 Ad
202 1603 298 1644 nomina
315 1604 443 1657 prasulum,
460 1601 585 1645 ’1100101111
604 1604 786 1656 uniuscuiusque
806 1604 950 1657 disciplinae,
970 1605 1000 1645 ad

53 1671 54 1674 ’
93 1664 282 1727 praedicatorum
294 1677 384 1727 copiam
397 1679 420 1718 et
433 1676 574 1728 scriptorum
587 1677 679 1718 laudem
692 1676 812 1729 provincia
825 1675 952 1718 'teutoniae
964 1688 1000 1718 ve-

93 1750 130 1791 lut
146 1749 245 1802 speciale
260 1752 401 1791 momentum
417 1750 491 1791 zelum
506 1751 622 1803 regularis
638 1750 798 1792 observantiae
814 1750 897 1792 merito
912 1748 998 1791 iunxit.

148 1824 273 1865 Provincia
287 1824 412 1866 800001002
427 1836 454 1865 ex
469 1824 581 1866 divisione
596 1824 729 1877 provinciae
744 1824 870 1866 'teutoniae
884 1822 1000 1876 amplissi-

92 1909 143 1940 mae
158 1901 235 1940 ortum
251 1899 306 1940 1303
322 1898 389 1940 duxit
404 1898 440 1940 his
456 1898 563 1940 terminis
579 1898 696 1951 finalibus,
714 1900 774 1950 quod
791 1897 884 1949 Misnia,
902 1896 999 1939 Thurin-

91 1972 138 2026 gia,
155 1972 250 2024 Hasna,
268 1972 378 2025 Saxonia
396 1972 508 2024 Maronia,
526 1972 613 2024 slavia,
631 1971 716 2025 Frisia,
735 1972 854 2023 Zelandia,
871 1971 999 2013 Hollandia

91 2046 140 2088 sint
160 2046 281 2098 provincia
300 2045 408 2098 specialis
430 2041 441 2086 ‹'‹
452 2048 475 2087 et
495 2044 615 2097 provincia
636 2045 751 2088 Saxoniae
770 2045 902 2086 nominetur
923 2046 946 2086 et
966 2046 999 2087 te-

92 2123 147 2162 neat
163 2121 238 2162 locum
254 2121 280 2161 in
297 2120 394 2162 sinistro
410 2119 480 2162 011010
496 2120 629 2161 immediate
645 2122 699 2173 post
715 2118 850 2160 Bohemiam
860 2131 879 2159 1.
899 2118 925 2161 Si
942 2118 999 2160 divi·

92 2179 280 2247 sio'provinciae
299 2193 427 2236 Teutoniae
447 2195 470 2235 et
490 2193 629 2236 constitutio
650 2192 765 2235 Senoniae
785 2191 860 2234 multa
880 2192 999 2234 commoda

91 2268 293 2310 administrationi
311 2268 409 2310 ditionis
428 2267 589 2310 dominicanae
607 2279 648 2319 per
667 2265 957 2319 Germaniamaiierebat,
977 2278 998 2307 e-

92 2341 150 2383 tiam
165 2342 311 2384 incommoda
325 2342 438 2394 quaedam
452 2341 500 2394 ipsi
515 2353 587 2383 novae
602 2339 735 2394 provinciae
750 2341 911 2393 exsurgebant.
929 2340 998 2381 Prae-

91 2415 159 2468 cipue
176 2415 292 2458 distantia
309 2427 323 2457 a
340 2418 420 2457 centro
438 2414 529 2456 ordinis
546 2412 727 2466 proprovincia
744 2413 860 2455 Saxoniae
877 2413 997 2456 obstaculo

91 2492 115 2531 et
127 2491 264 2532 nocumento
277 2502 326 2538 esse
339 2489 425 2542 potuit,
438 2490 543 2531 attamen
556 2487 662 2540 ergregia
675 2498 763 2539 semper
775 2487 895 2539 provincia
907 2487 932 2528 in
945 2488 997 2528 iun-

91 2563 225 2607 dationibus
244 2566 267 2606 et
285 2563 342 2605 viris
360 2563 410 2605 suis
426 2563 482 2604 init.
502 2561 623 2613 Nationes,
643 2561 726 2614 quibus
744 2561 863 2612 provincia
882 2561 997 2603 Saxoniae

89 2650 162 2691 usque
177 2639 207 2680 ad
220 2650 307 2681 annum
322 2639 377 2680 1468
392 2639 523 2691 constabat,
540 2637 565 2677 in
580 2636 679 2689 registro
695 2636 801 2678 Caietam
817 2637 851 2678 sio
866 2636 997 2678 (1000111111-

90 2714 132 2753 tur
143 2722 195 2752 cum
206 2712 340 2763 respectivis
352 2710 512 2761 conventibus,
527 2709 611 2762 quibus
622 2720 696 2758 annos
707 2708 855 2750 fundationis
867 2706 993 2749 adicimus:

88 2788 206 2829 damoetae
222 2786 427 2840 Magdeburgensis
447 2786 527 2839 (1221),
545 2785 665 2827 Haltensis
684 2785 764 2838 (1211),
783 2781 997 2826 Halberstadiensis

92 2861 174 2915 (1232),
195 2858 401 2902 Hildesheimensis
424 2859 505 2913 (1233),
527 2857 688 2910 Gottingensis
711 2857 790 2910 (1296),
813 2852 997 2897 Brunswicensis

91 2935 178 2990 (13111);
199 2932 339 2984 1101100100
357 2934 502 2975 Erfurtanus
524 2932 604 2984 (1229),
625 2929 770 2978 Isenacensis
792 2928 871 2981 (1236),
892 2926 996 2968 Ienensis
1015 2947 1016 2950 =

91 3010 171 3063 (1286),
185 3007 342 3049 Miilhnsanus
354 3007 435 3060 (1291),
448 3007 617 3048 Nordhusanus
632 3005 712 3058 (1286),
727 3000 900 3053 Mai-burgensis
914 3000 994 3053 (1292),

88 3083 214 3125 Treisanus
228 3080 313 3133 (1281);
324 3080 423 3120 Minoide
434 3080 561 3131 Lipsiensis
574 3079 654 3132 (1229),
667 3075 840 3128 Freibergensis
854 3074 933 3126 (1236),
945 3074 996 3116 Ρ11-
