2188 3178
83 66 124 106 156
411 67 458 100 Vita
475 69 495 101 et
513 68 565 102 actio
582 50 657 102 ordinis

17 204 19 207 ·
82 204 153 244 quam
167 194 195 235 de
208 193 276 234 lmius
289 194 491 245 praedicationeli.
507 195 658 237 Praedicator
672 194 785 248 generalis
800 195 825 235 in
840 195 988 239 administra-

85 268 148 309 tione
162 268 239 319 potius
254 269 391 309 versabatur
406 281 474 321 quam
488 268 512 308 in
527 269 690 311 ctuieionando.
707 269 734 311 81
748 269 800 322 quis
815 270 845 310 ad
859 264 987 322 capitulum

83 342 225 392 provinciale
239 344 331 393 piaretur
344 342 435 394 priores
449 346 472 384 et
487 343 561 384 socios
574 345 721 391 advocandus
737 346 795 395 erat,
811 343 882 385 titulo
897 345 986 396 praedi

81 416 170 457 catoris
183 415 297 467 generalis
309 408 420 469 insigniri
433 417 519 458 debuit
536 417 572 458 ste
586 429 604 458 e.
619 429 640 469 g.
656 419 679 460 S.
694 418 793 459 Thomas
807 419 834 459 de
847 418 938 469 Aquino
952 431 986 459 ve-

83 490 118 530 lut
134 475 282 541 praedicator
297 491 412 543 generalis
428 490 508 532 multis
525 490 783 544 capitulisprovinciae
799 504 854 533 suae
869 492 986 534 Romanae

79 563 204 605 adstititll.
221 565 324 606 Exeuntc
338 566 431 606 saeculo
446 566 503 606 XIII
518 565 589 606 honor
603 568 626 606 et
639 565 724 607 titulus
738 560 907 618 praedicatoris
921 578 985 617 goue-

82 637 140 679 ralis
161 638 238 679 otticio
259 638 306 679 sive
326 639 439 690 primario
460 638 641 690 praedicationis
663 639 709 680 sive
731 640 867 681 secundario
888 640 985 681 admini-

81 712 206 753 strationis
227 713 365 770 praevaloit.
389 712 513 753 Provincia
534 713 662 764 Hispaniae
682 709 707 752 in
729 713 833 766 capitulo
854 714 910 755 anni
931 715 984 756 1299

82 786 254 837 praedicatores
271 788 389 838 generales
405 789 432 827 13
449 787 577 827 nominavit
594 787 775 829 eos-instituens
792 800 834 840 pro
851 788 985 844 nationibus
1012 770 1015 777 ¹

82 861 248 913 Portugalliae,
265 862 404 907 Gallaeciae
421 863 547 914 Navarrae,
565 855 702 912 ill-apulae,
720 862 881 903 normanniae.
899 864 932 903 lix
950 863 995 902 llis

79 936 194 987 promotis
211 936 284 988 aliqui
300 936 389 988 priores
407 938 469 988 sunt,
487 936 529 977 alii
547 937 658 988 doctores,
678 948 737 977 unus
755 939 833 979 rector
850 937 993 979 monialium

78 1011 156 1061 quoad
170 1010 305 1062 spiritualia
319 1013 341 1051 et
355 1010 501 1063 temporalia,
517 1010 568 1053 ideo
582 995 699 1063 ineptiad
713 1010 833 1052 fructuose
847 1013 984 1053 exercendas

80 1084 202 1126 missiones
220 1085 359 1136 apostolicas
376 1085 438 1126 inter
455 1085 560 1137 populos.
580 1086 676 1126 Domum
693 1083 778 1136 aliquis
796 1085 895 1127 Micliael
912 1087 983 1127 Rode-

80 1158 124 1199 rici
139 1172 150 1197 u
161 1161 256 1210 propter
269 1155 421 1200 reverentiam
435 1158 585 1210 provincialis
597 1173 606 1198 v
622 1158 770 1210 praedicator
784 1159 898 1211 generalis
912 1161 983 1200 nomi-

77 1235 151 1274 natus
164 1234 225 1274 est2l.
234 1246 235 1249 ¹
243 1233 267 1273 si
280 1233 326 1273 iam
340 1245 401 1273 anno
415 1233 469 1274 1210
483 1232 625 1285 capitulares
638 1217 772 1274 edixerunt:
791 1246 802 1272 u
813 1233 900 1274 iratres
914 1233 982 1275 nimis

79 1306 173 1348 iuvenes
187 1309 210 1347 et
223 1292 311 1348 indocti
320 1317 370 1347 ¹non
384 1306 571 1358 multiplicentur
585 1306 827 1358 necpraedieatorum
841 1306 982 1359 generalium
1003 1302 1004 1305 ’

79 1383 230 1433 111111111118121,
245 1380 265 1421 si
279 1380 405 1421 cardinalis
420 1381 489 1433 Hugo
503 1382 533 1421 ad
548 1382 625 1432 patres
640 1380 773 1421 Florentiae
787 1392 848 1422 anno
863 1381 917 1422 1257
931 1393 983 1422 con-

76 1458 186 1506 ¹gregatos
201 1455 308 1507 scripsit:
328 1468 339 1493 c
350 1454 693 1507 praedicatorum·generalium
709 1454 837 1497 nmltitudo
853 1455 982 1497 discursum

78 1528 222 1580 multiplicat
233 1531 256 1570 et
266 1528 317 1570 ideo
329 1540 408 1570 eorum
420 1527 587 1580 multiplicatio
598 1540 644 1569 non
656 1528 748 1570 videtur
759 1527 866 1581 pluribus
878 1528 983 1570 fructuo-¹

76 1614 101 1642 sa
116 1604 155 1654 »²2,
174 1604 321 1654 augmentum
339 1602 531 1654 praedicatorum
544 1601 685 1654 generalium
702 1600 765 1643 circa
782 1613 870 1642 annum
887 1603 981 1644 isoo'et

77 1678 160 1727 postea
170 1676 195 1716 111
206 1675 342 1717 immensum
354 1677 402 1717 iere
414 1674 494 1717 crevit.
894 1668 895 1671 ¹

133 1750 261 1791 instituere
273 1750 444 1801 praedicatores
458 1750 575 1802 generales
587 1752 618 1791 ad
630 1749 795 1801 provincialem
808 1761 835 1791 ac
848 1749 981 1791 definitores

74 1813 178 1876 capituli
189 1823 338 1876 provincialis
350 1825 478 1875 spectabat.
493 1825 584 1875 Absque
597 1824 666 1865 dubio
678 1822 807 1875 capitulum
821 1824 926 1875 generale
939 1824 980 1865 lias

74 1897 239 1939 institutiones
253 1909 294 1949 pro
308 1909 451 1949 quacumque
464 1896 583 1949 provincia
597 1898 672 1938 facere
686 1897 771 1949 potuit.
787 1898 821 1937 Rc
835 1909 889 1937 vera
902 1900 979 1938 autem

20 2011 22 2015 ,
75 1971 238 2013 institutiones
248 1983 289 2023 por
300 1971 405 2022 capitula
416 1971 533 2022 generalia
544 1983 589 2012 non
600 1973 778 2023 cognoscuntur,
790 1972 847 2012 bene
858 1973 935 2012 tamen
946 1983 979 2011 re-

72 2045 154 2087 ductio
166 2045 343 2086 institutionum
354 2044 520 2097 inprovinciis
530 2045 653 2086 factarum.
669 2044 707 2086 Sic
719 2056 760 2096 per
772 2044 903 2104 capitulum
915 2056 979 2097 gene-

75 2119 264 2174 11111111111111281
278 2119 452 2171 praedicatores
466 2119 583 2170 generales
598 2118 730 2171 provinciae
745 2119 863 2165 Romanae
878 2119 978 2161 absolve-

75 2194 169 2246 bantur,
186 2194 241 2235 1283
256 2183 279 2234 et
294 2194 347 2234 1285
362 2193 403 2233 1111
415 2192 548 2244 provinciae
563 2192 706 2244 Provinciae,
723 2192 778 2233 1288
794 2191 831 2231 1111
847 2193 978 2243 provinciae

75 2267 234 2319 LombarcHae,
252 2279 297 2307 non
314 2266 475 2308 deficientibus
490 2266 670 2319 hortationibus,
689 2266 749 2318 quod
765 2265 936 2316 praedicatores
953 2266 976 2306 in

72 2327 200 2392 provinciis
215 2352 285 2393 aeque
300 2340 490 2393 deligerenttn¹²³.'
502 2340 603 2381 'landem
618 2352 678 2380 anno
694 2339 749 2380 1327
763 2337 825 2379 inter
841 2340 978 2382 admonitio-

74 2426 115 2455 nes
127 2414 226 2465 capituli
238 2414 351 2466 generalis
360 2413 502 2466 'Perpiniani
515 2413 589 2455 habiti
602 2425 642 2466 per
655 2412 820 2454 auctoritatem
834 2413 977 2464 pontificiam

71 2487 121 2528 vim
134 2488 335 2528 confirmationum
349 2488 460 2529 habentes
474 2487 529 2528 haec
543 2475 666 2539 reperitur,
682 2497 739 2537 quae
753 2486 874 2527 numerum
888 2486 977 2538 praedi-

70 2561 180 2602 catorum
200 2561 340 2613 gericralium
359 2562 390 2602 ad,
409 2573 530 2601 nunrerum
551 2562 703 2601 conventuum
723 2545 877 2613 restringit«
888 2564 911 2602 et
930 2573 977 2602 non
1014 2574 1016 2577 ·

73 2636 133 2676 liant
147 2634 220 2686 aliqui
234 2635 258 2674 iu
273 2635 350 2688 aliqua
365 2635 486 2686 provincia
501 2635 599 2675 habente
613 2644 733 2674 numerum
748 2634 890 2676 excessivum
906 2634 981 2675 (lonec'

69 2711 102 2750 ,ad
116 2708 205 2750 dictum
217 2720 335 2749 numerum
348 2709 397 2750 sint
409 2708 507 2758 redacti,
521 2708 570 2749 illis
583 2708 704 2748 dumtaxat
717 2709 819 2760 exceptis
833 2707 872 2760 qui
885 2707 976 2748 ratione

45 2825 48 2831 ,
69 2782 224 2835 antiquitatis
238 2784 273 2823 vel
285 2783 431 2824 infirmitatis
446 2783 476 2824 ad
489 2781 593 2832 capitula
607 2780 759 2832 provincialia
773 2781 851 2823 venire
865 2793 911 2821 non
925 2792 976 2831 pos-

71 2861 128 2899 sunt
139 2859 178 2897 1124.
198 2856 303 2896 Fuerunt
319 2859 397 2898 autem
413 2859 471 2897 tun'c
488 2855 659 2906 praedicatores
676 2857 793 2907 generales
811 2866 857 2894 non
875 2854 975 2905 amplius

70 2933 95 2972 in
109 2930 231 2983 privilegio
245 2929 290 2970 loci
302 2929 441 2980 capitularis
455 2931 548 2981 praeter
561 2929 648 2980 priores
662 2932 684 2971 et
698 2929 780 2979 socios,
795 2940 848 2969 cum
862 2927 932 2968 etiam
945 2929 974 2969 ab

68 3006 176 3047 intrante
194 3004 285 3045 saeculo
304 3002 481 3056 XIVmagistri
499 3003 628 3055 theologiae
645 3004 669 3043 in
687 3002 799 3055 gremium
818 2989 975 3053 capitulorum
