2101 3187
275 35 417 70 commercium
430 35 507 69 ordinis
520 44 564 69 cum
578 35 623 69 aliis
637 33 739 69 ordinibus
918 34 958 76 255

54 162 135 214 regula
145 161 256 213 ipsorum,
269 174 336 215 quarn
347 162 444 203 dederat
454 161 489 203 eis
499 162 610 204 Aibertus
620 161 755 214 patriarcha
767 162 958 213 Hierosolymita·

52 238 146 278 11111127.
162 237 252 288 ipsas.
268 237 375 279 Theresia
388 239 499 289 testatur,
514 250 536 279 se
548 250 600 279 eum
613 236 752 279 monialibus
766 238 870 290 regulam
884 238 910 277 B.
926 237 956 276 ll.

54 311 81 351 V.
94 311 122 358 de
132 312 209 351 moute
219 311 323 353 Garmelo
334 311 455 352 obseruare
466 310 515 351 sine
525 309 671 363 mitigatione
681 321 824 363 utracumque
835 310 880 352 tali
890 310 957 352 modo

52 396 98 436 quo
112 384 237 426 cardinalis
251 386 319 437 Hugo
333 397 383 426 earn
398 384 516 426 ordinavit
530 387 553 426 et
567 383 718 426 Innocentius
733 384 768 426 IV
782 382 955 426 confirmavit²⁸.

54 458 120 500 Sicut
131 458 269 500 0111111111
280 460 357 511 plures
368 459 403 499 ita
414 461 438 499 11
448 458 616 510 Augustiniani
627 457 753 508 discipulos
765 457 844 499 fideles
855 456 957 510 Aquina-

53 531 86 573 tis
95 530 237 574 aeternnm.

107 606 169 648 Ordo
179 607 354 659 Orueigerorum
363 618 410 648 non
419 606 494 647 solum
502 607 527 647 in
537 607 633 659 liturgia
636 638 641 659 ,
650 618 730 661 uerum
739 606 811 648 etiam
821 607 895 659 quoad
904 617 956 648 con-

52 679 189 722 stitutiones
205 693 257 721 eum
274 680 354 721 ordine
370 664 561 721 Praedicatorum
578 679 784 722 communicavit³⁰.

108 754 222 806 Respecto
240 754 347 795 ordinum
365 753 505 795 militarium
523 755 609 796 iratres
628 755 805 798 Praedicatores
824 757 956 809 obligaban-

53 829 100 879 tur,
114 828 168 879 quia
180 839 208 868 111
219 826 252 869 111
264 827 360 868 titulum
373 827 482 880 magistri
493 840 535 880 pro
548 841 589 871 suo
602 829 747 870 moderatore
760 841 867 881 supremo
881 841 955 882 sump-

51 903 140 942 serunt.
158 901 215 942 Oum
229 901 345 953 equitibus
360 901 493 943 Teutonieis
508 904 625 944 nostrates
639 904 690 943 tum
705 901 730 942 in
746 903 816 945 terris
832 903 956 945 Borussiae

52 979 102 1016 tum
115 975 140 1015 in
153 975 278 1017 Germania
290 974 438 1016 meridionali
451 974 533 1017 intime
546 976 728 1017 collaborabant.
744 975 886 1017 {teutonicus
899 976 955 1017 ordo

50 1049 123 1090 etiam
139 1048 259 1101 liturgiam
274 1050 378 1090 nostram
394 1048 493 1090 servatis
509 1049 627 1090 servandis
643 1048 799 1101 assumpsnr.

108 1123 136 1163 In
147 1123 217 1164 Terra
228 1124 309 1164 sancta
318 1123 405 1165 iratres
416 1122 592 1164 Praedicatores
602 1135 653 1165 cum
664 1123 803 1176 templariis
815 1125 871 1166 bene
882 1137 906 1174 se
916 1124 955 1166 ha-

52 1196 104 1237 bere
121 1196 183 1236 omni
199 1198 284 1237 conatu
301 1196 465 1237 nitebantur.
485 1196 542 1238 Cum
558 1198 652 1238 tandem
668 1193 830 1249 prementibus
846 1197 955 1250 Phiiippo

51 1270 152 1311 Pulchro
165 1272 188 1311 et
201 1270 318 1316 Clemente
330 1270 351 1311 V
364 1270 451 1316 bellum
465 1269 558 1312 exitiale
571 1270 709 1322 templariis
723 1270 865 1324 minabatur,
880 1270 955 1324 inqui-

48 1344 110 1385 sitor
119 1343 232 1385 Franciae
242 1344 380 1385 eriiileimus
389 1342 530 1393 Parisiensis
541 1344 595 1385 O.P.
608 1344 750 1396 remoratos
761 1346 848 1386 multos
858 1344 956 1386 interro·
1012 1330 1013 1333 Ἰ

50 1417 122 1469 gavit.
133 1418 259 1469 Postquam
269 1417 373 1459 Clemens
382 1418 404 1458 V
413 1416 485 1458 etiam
494 1416 605 1469 magistro
615 1416 718 1469 generali
727 1416 849 1469 Aymerico
860 1417 954 1469 Placen-

51 1490 105 1532 tino
116 1490 212 1532 insimul
226 1502 277 1532 cum
292 1489 472 1544 archiepiscopis
488 1490 673 1542 Compostellano
689 1493 713 1531 et
728 1490 840 1531 Toletano
856 1489 954 1541 aliisque

48 1565 195 1617 praesulibus
211 1575 252 1616 per
267 1565 392 1606 castellam
409 1569 432 1607 et
447 1564 568 1617 Legionem
583 1563 699 1616 inquirere
715 1564 740 1604 in
757 1563 899 1616 templarios
915 1574 955 1604 an-

50 1650 80 1680 no
91 1639 145 1680 1309
157 1638 281 1691 praecepit,
293 1638 342 1689 ipse
353 1649 437 1678 munus
448 1636 580 1678 huiusmodi
591 1627 659 1680 modo
670 1636 778 1688 humano,
791 1647 838 1677 non
849 1622 954 1677 adhibito

13 1756 14 1759 ,
51 1699 159 1753 torturae
167 1711 329 1763 instrumento,
342 1721 467 1763 exsequens
478 1722 492 1751 a
502 1711 568 1762 Papa
577 1709 711 1762 increpatus
722 1711 765 1751 111.
778 1710 812 1752 Ut
823 1708 954 1750 exactiones

50 1785 183 1837 pontificias
199 1786 224 1825 in
239 1786 281 1827 hac
296 1797 321 1827 re
336 1784 429 1826 odiosas
445 1784 533 1825 ordinis
549 1783 733 1836 [templariorum
748 1783 860 1836 eluderet,
877 1794 891 1824 a
907 1793 954 1821 ma-

48 1861 144 1901 asterio
157 1858 291 1910 Aymerieus
305 1860 387 1910 sponte
401 1856 496 1899 discessi
509 1858 534 1897 ³³.

100 1918 239 1974 ¹Generatim
253 1944 314 1974 anno
329 1932 384 1973 1276
399 1932 427 1974 de
442 1930 545 1973 transitu
561 1932 714 1972 membrorum
730 1930 830 1972 aliorum
846 1930 953 1972 ordinum

49 2007 81 2047 ad
100 2006 277 2048 Praedicatores
296 2006 413 2047 decretum
434 2004 542 2057 magistri
562 2006 585 2045 et
605 2003 704 2055 capituli
725 2003 841 2055 generalis
861 2003 951 2044 venit³t

48 2079 118 2121 Oirca
137 2080 274 2122 distantiam
292 2079 457 2121 fundationum
476 2078 576 2119 aliorum
594 2077 701 2118 ordinum
720 2088 747 2118 ac
766 2076 843 2119 nostri
861 2087 953 2118 servan-

47 2142 188 2196 damnelose
201 2153 371 2206 vigilabatur³⁵.
