2188 3178
402 48 524 83 (ionstitutio
540 50 617 85 ordinis

262 178 329 236 521,
345 179 483 224 visitatores.
498 181 616 226 Protector
632 184 724 229 ordinis

110 314 147 353 Ad
161 312 319 363 complendam
334 313 522 356 informationem
537 317 565 357 de
580 318 748 359 constitutione
762 316 852 359 ordinis
866 318 960 360 Praedi-

56 392 163 430 catcrum
178 390 204 430 de
218 388 383 431 visitatoribus
396 402 517 441 eorumque
532 390 610 433 officio
625 394 648 433 et
662 393 689 434 de
702 391 818 434 cardinali
832 394 964 444 protectore

56 462 150 515 eiusque
162 465 276 504 momento
288 464 359 505 verba
370 463 477 506 facienda
488 466 551 506 sunt.
567 465 620 506 Etsi
631 463 765 509 visitatores
777 465 888 508 officiales
901 466 962 507 ordi-

57 537 94 577 nis
104 536 153 577 sint
163 538 186 578 et
195 536 323 581 cardinalis
333 540 451 590 protector
461 540 527 579 extra
538 538 643 580 ordinem
653 541 793 592 generaliter
803 541 916 590 versatur,
927 542 965 582 ta-

55 623 106 652 men
119 610 215 651 insimul
229 624 268 653 eos
279 611 304 652 in
318 612 462 664 expositione
475 611 578 665 iungere,
594 625 646 654 cum
659 615 689 656 ad
704 616 792 656 statum
804 613 894 656 ordinis
908 626 960 656 con-

57 685 197 726 servandum
209 687 244 727 vel
255 687 387 738 augendum
399 685 501 727 tribuere
514 689 633 739 vocentur,
648 688 762 729 convenit.

113 760 137 801 S.
149 760 285 802 Dominicus
294 762 399 801 recentes
409 772 462 802 suas
471 760 623 802 fundationes
633 773 673 812 per
684 762 793 815 Galliam,
807 762 908 815 Italiam,
920 762 962 804 Hi-

6 862 7 866 *
58 833 165 885 spaniam
184 834 262 875 sedulo
281 833 371 885 invisit,
391 836 418 875 ut
436 846 474 877 eas
492 835 614 887 roboraret
633 837 656 877 et
674 835 793 878 incitaret.
815 837 857 879 Sui
876 847 965 878 sucees-

57 920 120 949 sores
136 908 161 948 in
177 907 309 960 magisterio
325 908 415 949 ordinis
430 908 482 949 huic
497 909 602 960 exemplo
618 909 815 961 obtemperarunt.
834 912 862 951 In
878 910 962 951 consti-

57 981 190 1023 tutionibus
205 993 265 1022 anno
282 982 338 1023 1228
353 982 476 1035 statuitur,
493 994 507 1023 a
523 981 629 1034 capitulo
644 982 783 1035 provinciali
800 986 900 1036 quatuor
915 985 965 1024 fra-

58 1057 106 1097 tres
124 1054 242 1108 eligendos
259 1067 317 1097 esse
327 1055 367 1107 qui
385 1057 460 1097 certas
478 1056 558 1097 domos
576 1056 709 1108 provinciae
726 1056 868 1106 visitarent1.
889 1058 966 1099 Unus-¹

58 1130 155 1181 quisque
177 1129 258 1170 horum
281 1130 431 1171 visitatorum
453 1142 495 1182 pro
519 1142 543 1171 se
566 1130 691 1182 separatim
714 1132 806 1182 agebat,
831 1142 877 1172 non
901 1130 964 1172 velut

57 1205 185 1245 membrum
199 1204 298 1246 alicuius
312 1204 487 1245 commissionis.
503 1204 659 1246 Visitationes
673 1205 693 1246 ei
707 1194 843 1246 summissae
858 1206 911 1245 ante
926 1216 962 1245 ca-

58 1278 308 1330 pitulum‘prorimum
328 1277 442 1319 finiendae
460 1280 534 1319 erant.
555 1278 647 1329 Moram
663 1279 732 1319 ultra¹
745 1279 828 1329 diebus
845 1278 920 1321 tribus
938 1277 963 1318 in

58 1364 103 1393 uno
117 1353 231 1393 conventu
243 1351 354 1400 visitator
365 1352 500 1404 protrahere
513 1363 560 1393 non
574 1352 677 1393 debebat.
692 1352 729 1393 Ad
742 1351 888 1393 visitatorem
902 1363 966 1404 spec-¹

58 1426 133 1477 tabat,
146 1436 235 1466 errores
247 1410 363 1478 corrigere
374 1424 424 1466 tuin
436 1425 581 1478 superiorum
593 1428 643 1467 tum
654 1427 764 1478 fratrum,
777 1427 803 1467 at
815 1437 861 1466 non
873 1427 963 1466 mutare

58 1500 203 1550 personalem
224 1501 312 1553 statum
333 1501 466 1540 conventus.
488 1498 582 1540 Relatio
601 1499 675 1541 totins
695 1498 839 1541 visitationis
860 1498 967 1550 capitulo

59 1572 199 1624 provinciali
216 1572 386 1625 porrigebatur.
407 1562 433 1614 Si
450 1575 577 1614 conventus
595 1573 681 1624 aliquis
698 1573 798 1614 multum
817 1585 831 1613 a
849 1572 964 1624 dignitate

59 1647 121 1688 vitae
136 1647 173 1700 vel
187 1658 263 1699 rerum
278 1647 421 1701 agendarum
437 1645 565 1699 deficiebat,
582 1646 680 1688 nuntius
695 1646 722 1688 de
738 1646 782 1698 his,
800 1646 845 1687 etsi
861 1646 967 1687 defectus

59 1721 105 1761 iam
117 1719 341 1761 ‘inerintemendati
355 1720 391 1761 vel
405 1719 495 1769 remoti,
511 1721 542 1761 ad
556 1719 685 1771 capitulum
700 1719 807 1772 generale
821 1719 968 1761 transmitte-

59 1795 146 1835 batur2.
474 1802 476 1805 ’

114 1869 217 1909 Persona
230 1867 361 1910 visitatoris
375 1879 421 1908 non
435 1868 495 1909 inter
509 1867 599 1919 priores
613 1879 669 1908 neve
682 1867 744 1908 inter
758 1868 864 1908 doctores
878 1866 968 1908 theolo-¹

58 1943 109 1994 giae
120 1942 256 1994 eligebatur.
269 1943 331 1982 Dum
342 1941 452 1982 visitator
462 1939 486 1982 iri
497 1936 616 1982 conventu
624 1940 741 1982 visitando
753 1940 853 1993 degeret,
867 1939 916 1991 ipse
927 1951 968 1981 ca->

58 2016 135 2068 pitulo
150 2015 271 2068 culparum
286 2015 399 2068 praefuit,
417 2015 444 2056 de
459 2016 534 2056 cetero
550 2016 629 2056 autem
645 2026 711 2056 suum
725 2014 804 2065 locum
819 2012 886 2064 iuxta
901 2014 968 2054 aeta<

59 2093 105 2131 tenu
122 2084 273 2141 professionis
290 2089 393 2130 tenebat.
412 2088 498 2141 Oulpae
514 2088 536 2130 ei
552 2087 707 2140 tribuebatur,
725 2087 747 2128 si
764 2087 819 2127 ante
833 2085 968 2138 capitulum

60 2163 190 2214 proximum
203 2163 345 2214 provinciale
358 2162 514 2216 visitationem
528 2173 595 2203 suam
608 2173 654 2203 non
667 2159 763 2213 peregit.
779 2160 922 2202 Relationem
936 2161 969 2201 de·

59 2239 156 2289 peracta
172 2236 304 2279 visitatione
321 2236 358 2278 vel
374 2236 400 2277 in
412 2228 513 2288 vpersona
531 2237 567 2277 vel
584 2234 684 2276 litterali
700 2232 844 2285 expositione
861 2233 969 2285 capitulo

60 2310 199 2365 provinciali
213 2310 350 2353 submittere
364 2309 449 2362 potuit.
466 2310 497 2351 Et
511 2308 597 2350 relatio
612 2307 700 2350 versari
714 2306 794 2348 debuit
809 2306 870 2348 circa
885 2318 968 2359 pacem·

59 2385 123 2425 iuter
137 2385 230 2437 fratres,
246 2384 307 2426 circa
321 2383 412 2425 cultum
426 2382 499 2424 studii
513 2385 537 2423 et
551 2378 741 2435 praedicationis,
758 2380 820 2433 circa
834 2381 963 2433 profectum

60 2459 85 2499 in
99 2457 137 2499 his
151 2458 269 2500 laboribus
282 2460 306 2499 et
320 2457 383 2499 circa
397 2458 500 2498 fructum
514 2455 592 2509 quoad
606 2453 776 2512 observantiam
791 2453 816 2494 in
831 2454 926 2495 vivendo
940 2455 970 2494 et

60 2531 187 2583 vestiendo,
202 2531 263 2573 circa
277 2531 431 2572 caerimonias
444 2529 569 2582 liturgicas
579 2531 606 2586 et
620 2527 722 2569 officium
736 2527 836 2581 chorale,
853 2527 914 2568 circa
928 2537 964 2567 as-

61 2604 214 2647 servationem
227 2607 331 2646 actorum
345 2604 501 2657 capitulorum
515 2602 606 2645 ordinis
619 2600 692 2643 totius
706 2602 728 2642 et
742 2601 899 2654 capitulorum
912 2609 970 2651 pro»

59 2678 213 2720 vincialium³.

116 2752 278 2794 Crescentibus
295 2751 423 2804 provinciis
442 2752 542 2804 quatuor
561 2748 695 2790 visitatores
713 2748 815 2801 amplius
834 2758 881 2787 non
900 2744 970 2797 operi,

59 2825 206 2870 visitationis
223 2826 377 2867 sufficiebant.
397 2826 473 2875 Quare
491 2835 553 2865 anno
572 2823 627 2863 1244
645 2822 762 2882 definitive
780 2821 901 2871 acceptum
919 2821 962 2872 est,

59 2903 120 2955 quod
133 2900 227 2953 praeter
241 2898 375 2946 visitatores
387 2901 487 2952 quatuor
500 2899 524 2939 et
537 2896 581 2938 alii
593 2896 708 2938 nominari
722 2896 822 2948 possunt
835 2893 902 2934 iuxta
915 2892 970 2944 piam·

58 2976 132 3024 citum
145 2972 245 3026 capituli
258 2972 426 3024 provincialis.
442 2974 470 3014 In
483 2970 605 3024 provincia
618 2970 754 3029 Provinciae
768 2979 829 3013 anno
843 2966 897 3008 1253
911 2966 969 3008 visi-
