2188 3178
73 102 102 147 48
420 101 512 135 livolutio
521 101 625 141 vgeneralis

69 231 198 277 accusatus
209 238 255 268 era
267 230 292 268 ²⁰.
312 228 522 269 IdeovBenedictus
539 228 583 269 XII
600 227 737 280 magistrum
749 229 883 280 ,generalem
901 230 979 282 Hugo-

73 314 127 343 nem
142 303 170 344 de
185 301 327 344 Vaucemain
342 303 366 343 et
381 301 491 354 quosdam
502 303 592 354 ¹probos
607 302 831 355 circumspectosque
840 302 934 346 {iratres
943 305 979 344 'ad

75 376 231 427 praesentiam
241 387 309 416 suam
322 375 412 429 citavit,
423 373 559 417 uteruniis
570 376 672 417 remedia
684 376 762 417 ordini
775 377 922 428 pararentur.
937 376 979 417 Ga-

74 450 176 502 pitulum
190 450 296 502 generale
311 449 517 492 anui1338hietis
532 449 685 502 assignatum,
702 449 844 491 auctoritate
858 450 979 501 politificia

74 524 215 565 Avenionem
232 524 375 565 translatum
391 525 431 565 sed
447 535 461 565 a
474 523 589 576 magistro
603 526 747 575 suspensum-
761 526 823 565 est²⁷.
837 523 978 565 ‘Commissio

74 597 183 648 specialis
200 598 303 638 fratrum
321 597 438 639 Avenione
455 583 497 650 pro
515 595 726 639 constitutionibus
744 584 898 638 reformandis
917 597 978 638 labo-

74 673 170 712 rabat²⁸.
191 672 236 714 His
254 672 280 712 in
298 672 480 713 tractationibus
497 671 608 724 magister
627 672 742 725 generalis
761 674 873 717 iudicium
892 673 979 715 theolo-

74 744 150 797 gicum
163 746 248 787 famosi
260 747 326 787 Petri
339 748 366 787 de
378 746 555 798 Paludepetiit,
570 747 631 798 quod
644 746 672 787 de
685 747 810 799 praecipuo
824 750 909 800 puncto
923 759 978 800 pau·

74 819 175 871 pertatis
187 820 357 861 controversiae
368 819 393 860 in
405 819 569 861 reformatione
581 832 595 861 a
608 821 673 871 Papa
685 820 778 861 intenta
790 822 901 874 agebam.
916 822 979 863 liem-

74 896 182 945 peratum
194 893 307 935 iudicium
319 894 384 935 Petri
396 894 507 947 magistro
520 893 622 946 generali
635 895 716 935 datum
729 895 772 935 hoc
784 894 905 947 importat,
915 895 979 948 ¹quod

74 979 121 1008 non
134 970 174 1008 ,est
192 980 203 1006 e
214 969 297 1008 contra
314 971 392 1008 votum
406 967 557 1028 paupertatis
573 968 657 1009 habere
674 967 764 1011 reditus
783 971 806 1009 et
824 969 978 1021 possessiones

74 1053 127 1082 cum
141 1041 189 1082 ista
203 1040 304 1082 habeant
319 1053 397 1082 omnes
411 1041 524 1093 monaehi,
541 1042 580 1094 qui
594 1042 680 1082 habent
696 1043 775 1082 votum
790 1043 937 1094 paupertatis
953 1045 979 1083 ut

74 1126 124 1156 nos.
137 1115 197 1156 Item
205 1115 415 1157 non'videturesse
425 1117 507 1157 contra
518 1116 621 1168 regulam
632 1117 745 1167 nostram,
758 1126 810 1156 cum
822 1116 869 1157 ista
877 1116 979 1158 habeant

75 1199 155 1230 omnes
172 1188 279 1230 canonici
297 1189 415 1242 regulares
434 1188 535 1231 eiusdem
554 1189 648 1241 regulae
665 1189 817 1240 professores.
840 1177 883 1231 Est
902 1192 979 1231 autem

75 1265 159 1303 contra
180 1262 361 1305 constitutiones
380 1264 481 1315 nostras,
503 1263 564 1315 quod
583 1262 728 1303 tctusordo
749 1262 797 1303 ista
818 1263 910 1314 habeat,
933 1275 979 1304 ma·

75 1336 185 1377 nantibus
200 1336 408 1378 constitutionibus
423 1336 447 1376 in
462 1349 504 1378 suo
520 1339 592 1378 statu.
610 1336 656 1378 Sed
670 1338 749 1377 tamen
763 1337 860 1388 propter
876 1336 918 1377 hoc
933 1348 978 1378 uon

75 1413 111 1451 est
125 1413 208 1451 eontra
221 1412 300 1451 votum
314 1412 428 1462 nostrum⁷
444 1411 498 1463 quia
512 1422 557 1451 non
572 1422 679 1451 vovemus
694 1421 786 1451 servare
800 1410 981 1451 constitutiones

75 1483 295 1536 sedvpromittimus
315 1485 407 1526 obedire
427 1487 551 1526 seeundum
572 1486 633 1526 illas.
657 1487 723 1527 Unde
743 1498 790 1527 non
811 1484 978 1539 trasgredlmur

75 1560 155 1599 votum
169 1558 217 1598 nisi
232 1561 314 1599 eontra
329 1561 477 1611 praeceptum
493 1559 636 1601 obedientiae
652 1558 694 1601 illa
709 1560 832 1603 iaciamus.
850 1561 911 1611 Quia
926 1573 979 1603 vero

75 1632 135 1673 nihil
151 1635 200 1673 tam
215 1632 324 1674 naturale
336 1635 382 1684 est,
400 1644 467 1685 quam
483 1633 660 1685 unumquodque
677 1634 735 1674 solvi
751 1646 777 1675 eo
794 1645 876 1686 genere
890 1646 936 1687 quo
953 1635 979 1676 li-

75 1708 212 1759 gatumest,
227 1706 288 1748 sicut
301 1707 357 1759 ordo
371 1706 395 1746 in
409 1706 580 1759 generalissimo
594 1707 698 1759 capitulo
712 1707 799 1749 statuit
812 1708 979 1751 inviolabiliter

75 1781 103 1822 de
118 1779 232 1820 reditibus
243 1782 269 1821 et
282 1780 465 1831 possessionibus
478 1793 524 1823 non
538 1780 678 1833 recipiendis
692 1781 757 1822 sicut¹
766 1773 796 1823 ³de
810 1781 919 1824 carnibus
933 1771 979 1824 non

75 1853 229 1905 comedendis,
242 1853 279 1895 ita
292 1866 333 1906 per
346 1853 421 1895 simile
434 1854 563 1906 capitulum
572 1849 777 1906 :generalissimum
789 1857 915 1907 utrumque
928 1864 980 1907 pos-

75 1930 110 1969 set
126 1927 252 1968 ret-ractari
267 1927 287 1967 si
301 1928 423 1979 expediens
438 1928 582 1969 iudicaretur
597 1928 659 1969 sicut
673 1940 716 1980 per
728 1929 780 1970 ‘tria
795 1928 900 1980 capitula
915 1940 979 1981 gene-

75 2002 135 2042 ralia
151 2004 245 2052 possent
261 2001 441 2042 constitutiones
456 2002 515 2043 alias
529 2001 652 2042 immutari
662 2016 682 2042 n.
700 2002 759 2043 (lum
775 2003 853 2043 autent
869 2002 980 2054 magister

68 2068 215 2116 incuriisi'de
233 2075 416 2126 particularibus
435 2075 525 2118 casibus
545 2065 666 2129 quaesivit,
687 2076 773 2117 Petrus
790 2077 820 2117 vde
839 2075 927 2117 Palude
946 2087 979 2116 re-

75 2149 170 2200 spondit
182 2148 320 2201 tnagistrunr
329 2148 421 2190 ordinis
432 2149 457 2190 in
466 2149 653 2200 particularibus
664 2149 758 2190 casibus
770 2160 813 2201 pro
825 2149 876 2190 loco
886 2151 912 2190 et
923 2152 979 2191 tem·

75 2234 131 2273 pore
144 2234 175 2263 ex
191 2234 262 2263 causa
277 2222 415 2264 rationabili
432 2222 481 2264 sine
498 2221 683 2275 transgressione
700 2222 895 2264 constitutionum
913 2235 979 2275 posse

74 2296 138 2337 cirea
150 2307 239 2347 census,
254 2297 343 2337 reditus
358 2296 456 2349 pallaque
469 2296 601 2338 huiusmodi
610 2295 749 2349 dispensare
760 2295 824 2336 sicut
837 2305 864 2337 en
876 2296 979 2339 rationa-

77 2369 118 2411 bili
131 2381 201 2411 cansa
212 2370 316 2422 praelati
329 2370 419 2411 ordinis
432 2370 456 2411 in
467 2370 579 2412 »carnibus
589 2369 740 2411 comedendis
755 2369 917 2420 dispensaret.
933 2354 979 2413 His

75 2443 280 2495 explanat-ionibus
290 2444 365 2485 iretus
377 2444 445 2496 Hugo
457 2444 522 2485 ideae
534 2445 612 2496 Papae
623 2455 670 2484 non
682 2441 859 2495 acquievitpqui
871 2444 978 2486 mendici-

37 2506 40 2513 *
63 2511 149 2558 'tatem
170 2517 361 2559 Praedicatorum
383 2517 526 2569 supprimere
542 2515 669 2568 ordinique
690 2526 774 2556 novum
796 2516 905 2569 regimen
917 2517 977 2558 iuris

75 2590 131 2631 dare
140 2591 260 2642 cupivitll.
276 2590 459 2634 Necessitatibus
473 2593 551 2632 autem
562 2589 662 2632 >obvians
673 2589 790 2641 generalis
803 2590 913 2643 magister
927 2599 978 2631 eum

75 2664 227 2706 conventibus
244 2664 342 2724 singulis
359 2664 384 2704 in
400 2664 500 2706 ,materia
518 2665 672 2716 proventuum
690 2662 788 2704 fixorum
807 2663 977 2717 dispensavit³²,

75 2741 130 2780 dum
144 2737 275 2780 libertatem
289 2741 312 2780 et
326 2738 528 2790 independentiam
542 2735 759 2778 constitutionalem
774 2737 810 2779 sui
824 2736 931 2778 instituti
944 2735 979 2777 ui-

74 2812 122 2853 mia
137 2811 224 2863 pietate
239 2811 338 2853 litterali
349 2814 437 2864 absque
449 2811 561 2864 temporis
577 2809 716 2851 evoluticnis
731 2810 890 2863 perspectione
904 2810 978 2852 vindi-

73 2898 127 2927 care
138 2885 286 2926 contendit³³.

130 2960 240 3000 Notanda
259 2970 321 2999 nunc
340 2959 502 3000 hodiernorum
514 2956 762 3010 historiographorum
782 2957 870 2998 indicia
889 2959 916 2999 de
936 2958 978 2999 hac

73 3034 116 3075 lite
131 3032 222 3074 ordinis
235 3044 287 3073 cum
302 3031 427 3073 Benedioto
441 3032 486 3073 XII
500 3031 525 3071 in
537 3029 663 3074 divisiones
678 3033 772 3073 abeunt.
790 3030 816 3073 Si
831 3031 912 3073 modus
927 3041 978 3084 pro-
