2188 3178
84 102 124 142 230
437 101 543 135 Provincia
558 101 641 143 Angline

88 217 115 272 de
133 229 247 272 Oanturia
264 231 377 271 venerunt
393 229 524 272 Londonias
541 230 643 273 infesto
661 233 685 274 S.
703 232 837 284 Laurentii3
854 235 879 274 et
895 235 994 277 ulterius

87 303 200 346 Oxoniam
215 304 241 344 11
256 304 316 345 festo
332 303 507 357 Assumptionis
521 303 627 357 Virginis
644 304 764 358 gloriosae,
781 305 806 345 in
822 305 888 348 euius
905 306 990 350 honore

86 378 214 420 oratorium
228 379 410 420 construxerunt
421 393 440 420 v.
456 392 467 418 «
478 378 602 420 Provincia
615 379 714 433 Angliae
727 379 760 421 sie
773 379 882 432 feliciter,
897 382 939 422 sub
954 383 991 422 tu-

86 453 133 494 tela
148 441 583 495 111111111111111111111111111
598 453 687 496 ordinis
700 453 815 506 incoepta,
831 452 878 494 cito
893 464 941 514 sese
957 454 989 494 di-

85 528 170 570 latavit
183 531 207 569 11
221 540 262 580 per
276 529 350 570 totam
365 528 465 570 insulam
481 526 607 570 Hiberniae
621 533 645 570 et
658 541 753 582 regnum
768 529 860 571 scotiae
875 541 946 581 usque
961 531 990 570 ad

86 602 194 643 ultimam
210 602 283 644 Thule
299 597 356 645 suas
369 601 512 656 propagInes‘
523 602 635 644 extendit.
654 602 772 655 Temporis
787 604 866 644 autem
883 602 988 656 decursu,

86 676 252 729 multiplicatis
262 677 287 717 in
300 677 362 719 hisce
373 676 480 729 partibus
492 676 650 718 conventibus.
666 676 746 719 Scotia
757 688 818 719 anno
830 676 893 729 1481,
907 676 990 735 Hiber-

85 751 126 793 nia
142 763 196 794 vero
211 757 274 795 'anno
292 753 353 805 riae,
371 753 396 792 in
414 751 542 804 peculiares
559 750 648 794 ordinis
666 752 796 804 provincias
814 754 903 793 erectae
922 753 990 800 sunt,

85 827 167 869 exinde
182 828 284 881 regimen
299 827 384 879 prioris
399 826 549 879 provincialis
564 826 663 879 Angliae
678 827 742 869 intra
758 827 814 868 fines
829 826 920 878 patriae
936 837 991 867 suae

82 905 106 942 et
121 902 268 955 principatus
283 901 382 943 Walliae
397 890 490 942 ommno
505 901 624 943 redactum
639 900 774 953 permansit.

140 977 187 1019 Sub
201 975 271 1017 titulo
285 977 308 1018 S.
323 974 392 1016 Pauli
404 974 506 1027 apostoli
519 975 649 1018 constituta
662 977 782 1029 provincia
794 989 835 1030 per
848 979 884 1018 ter
898 981 988 1019 eentum

85 1054 109 1093 et
126 1052 287 1104 septemdecim
303 1063 377 1093 annos
395 1051 487 1092 enituit.
507 1052 535 1092 In
553 1053 652 1104 qrratuor
670 1051 816 1094 visitationes
834 1064 872 1093 seu
890 1051 990 1093 vicarias

67 1162 69 1165 .
87 1126 284 1180 (congregationes
297 1129 339 1168 aut
352 1127 459 1169 nationes
473 1125 543 1169 etiam
557 1128 658 1180 vocatas)
674 1119 749 1169 divisa
761 1126 821 1168 futt:
838 1126 989 1168 oxoniensem
1023 1123 1028 1134 '

84 1212 172 1254 nempe,
193 1200 602 1254 Oantabrigiensem,Londinensem
620 1202 644 1242 et
662 1201 837 1253 Eboracensem
858 1212 886 1242 ex
904 1198 987 1252 quibus

83 1279 110 1318 ut
124 1275 222 1330 videtur,
238 1276 291 1318 dein
306 1278 439 1329 segregatae
453 1278 508 1317 sunt
522 1276 581 1318 duae
595 1276 655 1318 aliae
669 1275 823 1337 visitationes,
837 1273 988 1317 conventibus

82 1353 110 1394 de
125 1352 256 1400 salisburia
270 1354 293 1394 et
307 1344 400 1394 Exonia
413 1363 523 1393 annexae.
539 1352 608 1393 Anno
622 1352 676 1392 1211
692 1349 847 1403 quadraginta
862 1351 987 1391 conventus

82 1428 107 1468 in
122 1427 208 1480 Anglia
221 1430 245 1470 et
258 1428 346 1469 Wallia
358 1428 467 1482 floruere,
483 1427 566 1480 quilius
580 1429 634 1469 ante
649 1439 735 1468 annum
749 1428 803 1469 1303
817 1428 865 1470 alia
879 1427 990 1470 coenobia

84 1503 139 1541 sunt
153 1502 291 1553 aggregata:
309 1502 390 1554 postea
404 1501 495 1542 demum
508 1500 628 1553 provincia
643 1500 811 1553 quinquaginta
826 1503 849 1542 et
864 1500 921 1559 duos
935 1511 988 1542 oon-

83 1578 165 1625 ventus
182 1576 292 1629 fratrum,
311 1578 335 1617 et
352 1587 424 1617 unum
440 1576 607 1618 monasterium
625 1588 730 1618 sororum
747 1576 829 1617 habuit
839 1590 859 1617 a.
878 1569 988 1624 (111111-

12 1678 13 1681 =
80 1653 119 1693 tus
135 1649 294 1693 floridIssmus
311 1653 353 1693 sub
369 1651 470 1693 Henrioo
487 1652 549 1699 vin
565 1650 599 1692 sic
616 1652 747 1692 destmictus
764 1652 807 1702 est,
834 1664 844 1690 1(
855 1650 883 1691 ut
909 1650 987 1690 decur-

82 1727 148 1766 rente
161 1736 222 1766 anno
235 1725 289 1767 1539
303 1737 331 1779 11
345 1725 435 1777 quidem
448 1737 520 1767 unum
533 1725 766 1778 coenobiumabsque
778 1723 913 1766 violationis
927 1723 986 1764 fniu-

83 1798 119 1840 ria
132 1792 239 1840 relietum
252 1798 325 1840 fuerit
335 1813 354 1840 11,
579 1795 581 1798 ’

138 1874 188 1914 Iam
201 1870 263 1915 inter
276 1873 351 1915 socios
360 1871 386 1915 S.
402 1873 518 1915 Dominici
530 1876 628 1915 fratrem
641 1873 793 1916 Laurentium
806 1875 907 1927 Anglnm
920 1877 991 1916 nota-¹

81 1960 138 1989 mus.
160 1947 228 1990 Circa
247 1947 379 1998 missionem
398 1950 498 1990 fratrum
517 1951 542 1991 in
560 1949 647 2000 Anglia
666 1951 710 1990 duo
729 1951 834 1991 notanda
853 1956 985 2000 occurrunt,

82 2022 178 2075 seilicet,
196 2024 255 2075 quod
270 2024 358 2065 fratres
373 2034 415 2075 pro
431 2023 473 2064 illa
489 2023 582 2076 regione
598 2024 698 2075 delegati
713 2023 738 2063 11
754 2021 867 2064 comitatu
884 2021 986 2074 episcopi

81 2097 181 2148 profecti
193 2100 257 2149 sunt,
272 2099 295 2139 et
309 2097 370 2150 quod
383 2097 414 2138 ad
427 2096 545 2139 civitatem
559 2096 747 2138 universitariam
762 2096 837 2148 prImo
851 2096 896 2137 iter
911 2096 985 2138 inten-

82 2171 173 2212 derunt.
188 2172 246 2212 Post
258 2170 421 2213 fundationem
435 2171 587 2213 Oxoniensem
600 2171 688 2219 fratres
700 2165 748 2211 iam
762 2171 816 2211 ante
830 2181 917 2216 annum
930 2171 985 2211 1224

81 2245 219 2287 Londinium
230 2245 387 2298 ingredientes
399 2257 427 2287 ex
438 2246 498 2288 dono
511 2245 611 2289 Huberti
623 2248 651 2288 de
663 2246 741 2298 Burgo
754 2245 845 2287 eomItis
858 2247 884 2288 de
897 2246 986 2287 Kantia

82 2320 190 2372 capitalis
203 2320 328 2363 iustitiarii
341 2320 437 2362 nneiiae
450 2320 563 2373 huiusque
576 2319 681 2362 familiae
695 2319 814 2360 «fundum
827 2319 889 2360 inter
904 2320 984 2360 subur-

82 2393 144 2435 bium
161 2383 281 2436 occiduum
299 2397 322 2436 et
340 2394 529 2448 septentrionale,
549 2394 609 2447 quod
627 2395 724 2435 vocatur
740 2393 876 2446 1111111111»,
896 2403 985 2445 recepe·

82 2470 145 2519 runt,
163 2468 259 2510 ecclesia
275 2468 423 2510 conventuali
438 2470 481 2510 snb
496 2469 523 2509 B.
542 2469 572 2509 M.
589 2469 618 2509 V.
636 2469 660 2508 11
676 2467 699 2509 S.
718 2466 813 2508 Ioannis
828 2466 984 2519 evangelIstae
1017 2467 1019 2471 '

81 2541 211 2593 patrocinio
223 2542 359 2584 constituto.
374 2543 449 2591 Aedes
461 2542 625 2584 conventuales
637 2541 702 2582 intra
714 2552 786 2583 annos
799 2542 826 2583 25
838 2553 853 2582 a
865 2540 984 2582 fundatio-

80 2626 109 2656 ne
124 2615 237 2658 fratribus
251 2617 278 2669 81)
293 2615 434 2668 excipiendis
449 2618 547 2668 paratae
562 2616 637 2657 erant.
654 2616 717 2658 Haec
731 2617 804 2669 spatii
819 2618 984 2671 opportunitas

80 2692 127 2730 n'on
144 2689 227 2735 ultima
243 2689 304 2732 ratio
320 2693 379 2740 erat,
397 2701 468 2742 quare
484 2689 574 2731 duabus
590 2688 679 2732 vicibus
694 2690 748 2732 1256
764 2694 788 2733 et
804 2692 859 2734 1263
875 2692 906 2733 ad
922 2692 984 2735 huno

80 2765 218 2805 conventum
230 2763 306 2805 edicta
317 2764 412 2805 comitia
424 2763 542 2816 generalia
554 2765 616 2805 sunt.
632 2765 721 2807 «Anno
734 2777 787 2807 vero
799 2766 854 2807 1215
866 2764 983 2807 meliorem

79 2841 103 2880 et
117 2836 279 2890 spatiosiorem
293 2839 368 2879 locum
383 2837 448 2878 infra
462 2836 548 2879 limites
563 2837 667 2890 civitatis
681 2850 753 2891 prope
766 2840 880 2891 Ladpatc,
896 2840 983 2882 fratres

79 2913 240 2964 obtinuerunt,
259 2911 423 2954 fundatoribus
441 2912 551 2954 Eduardo
570 2912 589 2965 Ι,
608 2912 688 2965 regina
705 2913 820 2955 Eleonora
838 2913 866 2954 de
884 2912 982 2957 Castilia

79 2998 150 3029 uxore
161 2986 218 3038 cius,
231 2987 254 3026 et
264 2987 293 3027 fr.
305 2987 405 3028 Roberto
417 2986 444 3027 de
455 2985 591 3038 Kilwardby
601 2979 773 3039 archiepiscopo
785 2986 950 3030 Oantuariensi
961 3003 980 3031 a.
