2101 3187
374 72 496 106 Exercitium
513 72 668 111 [66611166116616
937 74 976 114 157

75 196 250 255 provincialium
267 203 466 256 penet1·arerint²·'¹.
484 205 593 244 Attamen
611 203 726 254 promotio
742 204 772 244 ad
788 203 976 254 praedicaturam

74 279 201 331 generalem
216 292 305 332 semper
320 280 451 335 appetenda
464 279 613 321 sitiebatur.
900 333 901 336 Ἴ

128 354 236 396 Officium
255 354 422 407 praedicatoris
441 354 554 406 generalis
572 354 602 396 ad
621 354 693 394 vitam
712 354 819 405 durabat,
838 353 882 395 etsi
901 354 975 406 aliqui

41 455 42 458 =
73 441 139 471 casus
152 431 246 480 adsunt,
261 429 300 481 qui
314 429 341 470 de
355 428 446 470 iteratis
460 428 649 470 institutionibus
663 429 808 469 testantem.

127 504 183 544 ’166
199 505 292 544 6161616
307 505 331 543 61
346 502 483 544 directiones
495 504 522 544 S.
540 502 658 544 Dominici
674 502 701 542 de
718 500 896 552 praedicatione,
916 515 974 554 quae

72 589 98 616 (6,
111 576 159 620 eins
171 586 280 629 processu
293 576 475 617 canonizationis
497 577 619 626 habentur,
643 578 693 616 tum
715 575 893 617 constitutiones
916 577 973 617 anni

71 652 131 704 1228,
143 652 183 692 nbi.
193 651 221 691 de
232 650 337 691 examine
347 651 377 691 ad
389 642 566 702 praedicamlum
578 650 736 702 eligendorum
748 652 770 690 et
782 650 810 690 de
820 662 898 690 eorum
910 662 973 691 exer-

70 725 181 767 citatione
191 737 243 765 cum
254 724 436 775 provectiorilms
446 724 471 764 16
481 724 655 776 praedicatione
665 736 739 764 sermo
751 725 812 772 est²⁸,
824 726 874 764 tum
885 723 973 766 instru-

39 792 41 794 ’
70 799 156 840 6116666
169 798 337 840 (1111661661666
350 798 456 851 magistri
468 799 591 840 Humberti
603 797 688 840 summi
700 797 777 839 meriti
789 797 912 840 auctoris²⁹
925 798 972 841 ira-

70 877 117 914 tres
129 873 305 914 Praedicatores
317 873 347 914 ad
359 873 436 914 eorum
449 872 550 913 officium
562 873 684 924 proprium
696 871 816 913 salutifere
828 873 970 914 formabant.

124 946 169 996 Qui
183 947 213 987 ad
228 947 415 987 annuntiandum
430 947 524 987 verbum
538 946 581 988 Dei
596 946 759 997 mittebantur,
776 946 850 997 quoad
867 946 917 987 fieri
932 959 971 998 po-

69 1023 130 1062 terat
143 1020 276 1076 episcopum
289 1020 384 1062 uisitare
398 1008 484 1062 etcum
497 1032 522 1061 eo
536 1022 562 1062 de
575 1021 656 1061 fructu
670 1019 775 1061 iaciendo
790 1033 813 1062 se
826 1031 969 1074 componere,

53 1088 55 1091 ’
69 1095 114 1136 166
130 1095 190 1136 6116
206 1094 236 1138 116
252 1106 310 1146 <luae
326 1096 407 1136 contra
423 1094 526 1135 ordinem
541 1107 587 1135 non
604 1094 701 1146 tuerint,
719 1094 811 1135 obedire
828 1095 969 1136 debebant³⁰.

70 1169 229 1210 «Praedicare
245 1180 291 1209 666
307 1168 392 1209 audeat
408 1167 492 1220 aliquis
508 1168 532 1208 16
549 1167 634 1210 diocesi
650 1167 715 1211 illius
732 1167 833 1219 episcopi
849 1168 889 1220 qui
905 1169 926 1209 61
942 1181 970 1210 66

68 1242 184 1294 praedicet
196 1242 353 1294 :interdixerit
367 1241 413 1282 6161
425 1242 517 1292 litteras
529 1245 551 1283 et
564 1242 700 1282 mandatum
712 1242 796 1283 habeat
809 1242 898 1283 Summi
911 1244 970 1299 Pon-

67 1316 187 1357 tificisaffl.
916 1320 918 1322 ’
996 1302 998 1306 ⁸

123 1390 250 1438 Influxum,
265 1402 330 1442 6666
343 1391 398 1431 ordo
410 1389 599 1431 Praedicatorum
612 1401 652 1449 per
665 1388 845 1441 propositionem
858 1390 922 1431 verbi
936 1390 969 1431 di-

67 1464 114 1504 vini
123 1464 186 1513 tecit,
198 1463 309 1515 magister
319 1463 433 1516 generalis
443 1465 586 1504 Humbertus
595 1464 619 1503 in
630 1463 740 1504 circulari
751 1463 831 1505 littera
841 1476 902 1506 anno
913 1465 968 1506 1260
998 1484 999 1488 ¹

67 1537 208 1593 Argentinae
227 1537 283 1578 data
302 1537 335 1579 sic
353 1537 473 1589 exprimit:
496 1551 507 1577 6
518 1538 631 1578 Docemus
651 1537 756 1589 populos,
777 1537 884 1579 docemus
902 1549 969 1589 prae-

67 1612 134 1663 latos,
150 1612 256 1653 docemus
271 1610 387 1662 sapientes
401 1613 424 1652 et
437 1611 581 1663 insipientes,
597 1611 718 1663 religiosos
733 1613 756 1652 et
771 1611 908 1664 saeculares,
924 1612 968 1654 cle-

66 1686 161 1727 ricoset
172 1685 252 1737 laicos,
266 1684 354 1727 nobiles
367 1688 390 1726 et
402 1685 519 1737 ignobiles,
533 1697 616 1737 parvos
629 1687 653 1726 et
666 1697 768 1738 magnos,
782 1677 890 1727 docemus
902 1697 968 1738 prae-

65 1762 138 1812 cepta,
158 1760 264 1801 docemus
281 1759 386 1812 consilia,
405 1760 510 1817 docemus
527 1760 609 1811 ardua,
629 1760 735 1800 docemus
753 1770 840 1811 secura,
859 1759 967 1802 docemus

65 1833 158 1874 6661166
173 1832 331 1886 perfeetionis,
349 1834 454 1874 docemus
470 1833 624 1880 omnimodam
640 1833 783 1874 honestatem
799 1833 914 1874 virtutum
925 1835 965 1874 »³2.

65 1909 114 1956 Quo
126 1907 208 1947 melius
220 1906 420 1948 universalitatem
432 1907 612 1959 praedicationis
626 1909 649 1947 et
661 1908 762 1947 fratrum
775 1907 966 1948 Praedicatorum

52 1971 55 1977 ’
65 1981 212 2021 enuntiares?

120 2056 267 2095 incessanter
287 2054 311 2094 hi
331 2056 417 2095 tratres
437 2054 524 2106 pedites
545 2056 569 2095 et
588 2065 701 2105 pauperes
725 2054 802 2105 16666
822 2056 846 2094 61
866 2054 966 2105 pecunia

64 2128 216 2180 prohibitist³³
235 2129 312 2176 orbem
330 2130 492 2180 peragrabant,
511 2129 541 2169 ad
559 2127 635 2169 varios
654 2139 745 2178 campos
763 2128 800 2168 sui
816 2128 965 2181 apostolatus

64 2203 204 2243 accedentes,
221 2202 288 2244 Sicut
303 2203 325 2243 S.
342 2202 476 2242 Dominicus
490 2201 514 2241 in
530 2202 574 2243 uiis
588 2204 611 2242 61
626 2202 710 2252 plateis
725 2201 832 2252 publicis,
848 2201 965 2247 inchoris

64 2283 85 2317 et:
98 2275 208 2327 capitulis
221 2275 382 2328 religiosorum
394 2277 417 2316 et
429 2275 453 2315 16
466 2276 568 2317 ecclesiis
581 2275 740 2326 praedicabat,
753 2275 788 2315 ita
801 2274 845 2315 filii
857 2275 895 2316 sui
907 2277 964 2317 iece-

27 2388 29 2392 ,
63 2351 124 2390 runt.
142 2349 175 2389 De
200 2351 277 2390 cetero
303 2350 491 2401 quemadmodum
516 2348 669 2389 communiter
695 2350 770 2390 sectae
794 2349 963 2402 Albigensium,

63 2422 220 2472 1616666166,
247 2423 416 2464 Patarenorum
441 2423 476 2462 in
491 2423 583 2475 publico
599 2422 664 2463 ideas
681 2434 736 2464 suas
761 2424 901 2477 pandebant,
920 2423 964 2475 ita-

63 2500 147 2543 iratres
164 2495 340 2538 Praedicatores
356 2497 381 2537 in
398 2508 435 2538 eos
451 2497 542 2548 publice
558 2496 678 2548 insurgere
695 2497 814 2538 debebant.
833 2498 860 2538 E.
879 2509 900 2548 g.
919 2498 964 2539 Ro-

62 2572 145 2613 landus
165 2570 325 2623 Cremonensis
345 2570 370 2610 in
390 2572 441 2612 iore
461 2570 606 2621 Placentino,
629 2571 652 2612 S.
674 2571 757 2612 Petrus
777 2571 918 2614 Veronensis
938 2571 963 2611 in

62 2646 139 2697 platea
156 2655 233 2685 coram
249 2644 346 2684 ccclesia
364 2645 386 2685 S.
406 2645 493 2686 Mariae
510 2645 620 2685 Novellae
637 2644 769 2692 Florentiae
786 2644 961 2696 praedicabant.

62 2721 134 2771 Saepe
148 2717 297 2760 concionator
311 2728 388 2756 cora-m
403 2718 480 2768 platea
496 2719 590 2770 loquens
605 2731 617 2758 e
632 2718 681 2758 loco
696 2717 846 2758 eminentiore
861 2719 896 2759 uei
911 2721 963 2760 arte

62 2795 99 2835 rel.
108 2780 194 2834 natura
208 2793 347 2843 praeparato
361 2791 396 2830 vel
409 2791 433 2830 16
448 2793 557 2833 cathedra
572 2793 602 2832 ad
617 2804 707 2831 murum
722 2791 812 2832 aedium
827 2794 962 2834 constructa

5 2881 21 2889 '¹
61 2856 224 2909 collocabatur.
245 2866 343 2906 1666666
360 2863 496 2905 1166611666
514 2878 541 2905 ex
553 2851 737 2917 elegantissimo
749 2877 818 2906 curru
839 2866 960 2919 (66666616)

60 2955 73 2983 a
88 2941 182 2983 bovibus
198 2942 270 2991 recto,
287 2939 309 2980 S.
327 2939 409 2979 Petrus
425 2938 564 2991 Veronensis
580 2952 607 2980 ex
623 2940 733 2980 cathedra
749 2940 827 2982 mobili
843 2940 961 2981 interdum
992 2934 993 2937 ’

60 3016 247 3056 concionabatur.
