2188 3178
111 334 147 387 11.
166 334 270 388 ¹laun.
292 336 341 389 ΑΒ
371 336 474 390 anno
496 337 576 391 1508
596 338 646 392 nu
675 325 922 414 innutritos

357 512 376 559 I.
397 511 517 559 Evolutio
531 513 662 576 generalis.

155 650 174 719 a)
187 672 352 709 naronnnno
365 671 536 708 continuam.
562 673 685 710 nxrnnsro
699 675 729 709 nr
745 673 867 709 nanneno

240 742 242 744 ’
297 791 299 796 ,
323 757 439 793 PARTIUM
452 757 556 793 camnis
569 759 698 808 (noa-1573).

59 978 62 985 ·
115 955 205 995 Novum
222 956 313 1006 tempus
330 966 381 994 vere
400 955 491 995 saeculo
509 955 561 995 XVI
579 955 648 995 etiam
666 956 691 995 in
710 955 798 996 ordinis
817 954 971 995 Praedicato-

59 1024 111 1069 rum
128 1028 227 1069 historia
241 1028 331 1081 incipit.
349 1029 494 1070 Momentosa
509 1029 568 1069 serie
583 1033 651 1080 atquc
666 1029 786 1070 industria
801 1028 962 1081 magistrorum

59 1102 210 1154 generalium,
226 1101 265 1153 qui
278 1114 305 1143 ex
319 1104 386 1154 parte
400 1101 578 1143 Observantium
592 1105 747 1153 provenerant
761 1104 803 1143 aut
817 1103 897 1144 horum
911 1112 962 1152 par-

59 1178 95 1216 tes
109 1175 261 1217 defenderant
274 1177 362 1217 laetum
377 1178 419 1228 est,
435 1179 462 1217 ut
475 1176 574 1217 interius
587 1176 755 1217 incrementum
769 1176 857 1217 ordinis
872 1176 962 1217 robora-

57 1251 130 1291 retur.
147 1249 232 1291 Studia
245 1261 366 1302 augescere
379 1249 404 1289 in
418 1249 525 1301 pluribus
539 1249 609 1290 terris
622 1250 680 1291 mire
694 1250 828 1301 pergebant.
844 1251 906 1290 Haec
921 1249 960 1289 du-

57 1324 111 1375 plex
125 1323 219 1364 interna
234 1323 383 1376 praeparatio
398 1324 500 1364 fratrum
515 1326 538 1364 et
553 1323 661 1375 religiosa
676 1326 700 1364 et
716 1322 843 1364 scientifica
859 1322 960 1363 ordinem

57 1397 250 1438 Praedicatorum
268 1396 309 1438 illo
328 1399 432 1451 tempore
451 1409 493 1449 pro
512 1397 578 1438 novis
595 1396 790 1449 amplissimisque
810 1396 893 1437 officiis
912 1397 960 1435 tum

57 1471 179 1512 Americae
196 1470 304 1525 missione
321 1470 451 1511 christiana
468 1470 635 1512 benedicendae
651 1473 702 1511 tnm
720 1472 836 1511 terrarum
855 1471 961 1521 Europae

57 1545 82 1585 in
100 1546 145 1586 fide
161 1544 278 1586 catholica
293 1544 479 1597 periclitantium
497 1548 520 1586 et
537 1546 664 1586 servatores
682 1545 718 1585 vel
736 1543 819 1585 saltem
837 1543 960 1584 monitores

59 1630 108 1659 esse
119 1611 170 1659 tum
181 1618 349 1659 restaurationi
360 1618 531 1660 ecclesiasticae
541 1623 607 1669 ‘opem
619 1618 698 1669 dandi,
712 1620 793 1669 aptum
805 1620 828 1659 et
839 1618 962 1658 iocundum

58 1693 146 1733 effecit.
158 1693 187 1733 'In
197 1704 240 1744 quo
250 1692 351 1743 praecise
360 1691 410 1733 eius
420 1692 521 1733 evolutio
531 1694 599 1744 atque
609 1691 719 1743 expansio
729 1691 844 1743 generalis
852 1693 905 1742 post
915 1701 962 1731 sae-

59 1766 112 1807 cula
126 1766 197 1806 medii
208 1766 259 1806 aevi
271 1765 386 1807 consistit.
815 1814 816 1817 Ἰ

115 1840 141 1881 Si
153 1852 180 1880 ex
193 1851 239 1879 una
251 1842 317 1890 parte
329 1839 522 1890 praeclarissimis
534 1841 581 1881 nelo
594 1843 616 1881 et
629 1842 745 1892 patientia
758 1842 782 1881 in
795 1842 916 1883 latissimis
928 1854 961 1883 re-

58 1913 166 1965 gionibus
180 1913 301 1954 Indiarum
313 1913 453 1954 residentiae
466 1917 489 1955 et
502 1914 622 1955 missiones
634 1918 657 1957 ct
669 1915 803 1967 provinciae
815 1917 928 1956 formatae
940 1927 961 1957 e·

56 1989 201 2041 rigebantur,
220 1991 243 2029 et
260 1988 378 2029 doetrinae
396 1999 475 2029 sacrae
492 1989 568 2030 cultus
585 1990 683 2031 formam
699 1989 885 2041 potentissimam
900 1992 962 2042 apud

56 2061 189 2114 provincias
202 2061 320 2112 Hispanae
333 2060 519 2114 nanciscebatur,
532 2063 567 2103 ita
579 2066 604 2103 ut
618 2063 677 2104 ditio
689 2062 810 2115 hispanica
823 2064 882 2104 citra
894 2068 917 2105 et
929 2064 962 2104 ul-

58 2138 97 2176 tra
110 2147 174 2176 mare
187 2135 217 2175 ad
231 2135 319 2175 ordinis
333 2136 418 2175 bonum
432 2134 569 2186 gravissima
583 2135 708 2187 exstiterit,
724 2146 752 2175 ex
765 2133 814 2175 alia
826 2138 892 2187 parte
906 2137 961 2178 ordo

58 2209 250 2250 Praedicatorum
265 2219 305 2259 per
320 2209 428 2249 incursus
444 2209 572 2249 'Parcarum
587 2212 610 2250 et
624 2208 818 2270 insurrectionem
833 2212 961 2261 protestan-

58 2283 118 2323 tium
127 2282 226 2324 iloridas
235 2282 374 2334 provincias,
386 2293 444 2334 quae
453 2282 515 2324 vitae
524 2285 548 2323 et
557 2282 670 2323 virtutum
681 2281 879 2324 dominicanarum
890 2296 961 2325 exeni-

58 2357 98 2408 pla
113 2356 284 2409 sapientissime
299 2360 322 2397 et
337 2355 465 2397 fortissime
481 2367 569 2408 semper
585 2358 754 2407 expresserant,
771 2357 880 2407 perdidit.
898 2358 962 2407 Quae

58 2431 160 2482 perditio
172 2443 243 2483 usque
254 2432 284 2472 ad
295 2430 344 2472 dies
354 2431 447 2471 nostros
459 2430 518 2471 satis
530 2429 646 2480 deplorari
657 2429 744 2481 nequit.
759 2431 819 2471 Dum
831 2431 961 2483 provinciae

58 2505 119 2545 mari
134 2504 301 2545 mediterraneo
316 2503 426 2545 orientali
442 2503 574 2545 adiacentes
590 2505 612 2543 et
627 2503 751 2555 Hungaria
764 2516 806 2556 per
820 2505 962 2557 irruptiones

58 2579 187 2619 Turcarum
197 2579 378 2620 devastabantur
389 2610 394 2630 ,
405 2576 539 2629 provinciae
548 2577 690 2628 germanicae
700 2590 790 2618 summa
799 2578 821 2619 vi
830 2581 853 2619 et
862 2579 961 2631 dignita-

58 2656 82 2694 te
93 2652 213 2694 erroribus
222 2655 358 2693 novatorum
370 2650 532 2702 religiosorum
544 2649 680 2692 obsistentes
693 2652 757 2701 velut
768 2652 864 2694 infracti
875 2652 962 2692 milites

33 2720 34 2723 ¹
57 2727 82 2767 iu
92 2737 174 2777 campo
183 2727 262 2776 aperto
271 2726 398 2778 plurimum
407 2724 556 2775 interierunt,
566 2723 612 2765 nisi
621 2726 655 2766 vel
664 2725 729 2777 ipsae
738 2726 763 2765 in
773 2726 864 2778 regione
873 2737 915 2766 sua
925 2725 961 2765 do-

57 2801 157 2841 minium
167 2799 305 2840 catholicum
315 2810 407 2841 servare
417 2800 533 2849 poterant.
547 2799 745 2850 Septentrionales
755 2799 848 2851 Daciae,
862 2798 960 2850 Scotiae,

56 2876 158 2928 Angliae
174 2872 305 2925 provinciae
322 2872 490 2925 quodammodo
507 2873 591 2924 absque
607 2873 708 2925 strepitu
725 2874 910 2914 succumbebant.
929 2873 961 2911 At

56 2961 141 3002 magna
151 2949 280 2998 martyrum
289 2950 312 2988 et
321 2946 442 2999 sanguinis
452 2946 522 2987 effusi
531 2947 598 2988 lande
608 2947 712 2999 regiones
722 2946 867 2987 hollandicae
876 2947 898 2985 et
908 2945 960 2986 Gal-

55 3025 141 3065 liarum
155 3021 289 3075 religionem
303 3021 440 3062 catholicam
454 3022 478 3061 et
490 3019 683 3072 praedicatoriam
696 3023 853 3061 asseruerunt.
