2188 3178
57 83 95 123 122
311 84 312 87 ’
380 83 427 119 Vita
444 84 464 117 et
481 84 533 118 actio
551 84 626 118 ordinis

55 209 116 251 10101
130 209 231 262 patratis
245 210 275 250 ad
289 209 418 262 capitulum
432 211 538 261 generale
552 212 627 252 relata
642 212 724 253 sunt²⁶.
742 211 857 252 Iordanus
872 212 900 253 de
916 213 958 253 Sa-

56 283 125 324 xonia
140 284 204 326 iussu
218 284 374 335 capitulorum
389 283 530 337 generalium
545 286 607 337 1261,
624 286 686 338 1262,
703 285 756 325 1263
772 284 853 325 exinde
870 298 881 324 1
892 298 959 327 reue-

57 358 138 400 rabilis
152 362 219 409 pater
232 358 305 399 bonae
319 357 462 400 memoriae»
477 358 633 401 nominandus
647 359 723 400 011111,
736 358 811 400 Annis
825 359 879 400 1278
894 372 960 401 man-

56 432 127 473 datur
141 431 347 485 praedicatoribus,
364 435 391 473 ut
406 446 416 471 0
427 432 511 474 fratris
525 433 615 486 Pagani
633 434 671 487 [de
686 435 763 485 Lecco,
781 437 798 492 4
813 433 877 486 1277]
897 446 959 475 mar-

56 505 143 557 tyrium
159 505 251 557 populis
267 507 377 561 studeant
393 505 501 547 nuntiare
518 509 541 547 et
557 508 606 547 tam
622 508 697 559 ipsius
715 519 782 560 quam
798 506 898 548 aliorum
915 508 959 548 mi-

56 579 136 620 racula
150 578 327 620 conscribantur
337 581 376 621 >›2⁸.
393 580 480 621 Iterum
495 591 556 620 anno
570 581 625 623 1334
640 578 784 634 consignatio
799 579 900 622 vitarum
915 581 959 621 111-ι

56 652 232 705 raculorumque
248 667 258 692 1
269 655 369 694 fratrum
383 652 458 694 nostri
472 653 569 705 ordinis,
585 654 625 705 qui
639 666 701 696 nunc
715 655 804 696 clarent
819 656 842 696 et
857 656 886 696 ab
901 654 955 696 olim
1025 641 1026 644 Ἰ

57 725 177 769 miraculis
191 727 347 767 claruerunt»
363 727 521 768 inculcatur²⁹.
898 730 899 733 ’

113 802 206 842 Interea
218 813 259 853 pro
271 801 427 842 canonizando
439 801 575 852 Raymundo
588 801 616 842 de
628 803 757 844 Pennaiort
770 814 830 844 anno
843 803 897 842 1279
910 802 956 854 pri-

57 875 89 915 mi
110 886 193 927 passus
213 877 236 916 et
257 876 336 927 plures
355 877 435 927 postea
456 874 514 915 iacti
535 877 598 926 sunt,
620 887 682 916 anno
704 876 759 918 1317
779 875 830 928 ipso
851 874 955 926 capitulo
999 916 1000 922 ,

57 949 160 1002 generali
177 948 373 990 canonizationem
391 951 493 1000 petente,²¹
511 949 582 990 donec
600 951 629 990 ab
648 939 709 991 anno
728 952 783 992 1318
801 964 837 992 100
856 953 959 1004 amplius-

57 1035 104 1064 non
119 1022 258 1075 processit³⁰.
277 1024 312 1063 Ex
328 1022 489 1075 compilatione
505 1022 567 1064 vitae
584 1024 611 1065 Β.
630 1024 773 1076 Margaritae
791 1026 817 1084 de
834 1025 960 1078 Hungaria

60 1099 87 1156 (†
104 1098 175 1150 1270),
192 1109 252 1139 anno
269 1098 323 1139 1340
340 1096 414 1149 finita,
432 1099 527 1138 auctore
544 1096 656 1149 magistro
674 1098 761 1140 Garine
781 1112 792 1138 1(
803 1099 830 1140 de
847 1100 959 1140 mandato

57 1171 142 1212 fratris
150 1171 257 1223 Hugonis
266 1170 371 1223 magistri
382 1184 393 1211 »
404 1171 518 1222 generalis
527 1172 593 1212 facta
602 1173 695 1213 constat
707 1185 718 1211 «
729 1173 757 1213 de
767 1173 851 1214 rotulis
863 1185 902 1214 seu
913 1172 960 1214 dii—1

57 1245 117 1287 fusis
130 1244 198 1286 dictis
210 1244 305 1286 testium
317 1244 448 1285 iuratorum
460 1256 537 1285 coram
550 1244 728 1297 inquisitoribus
742 1257 756 1287 a
770 1246 828 1287 Sede
840 1246 960 1299 Apostoli-

58 1330 85 1359 ca
103 1330 171 1370 super
188 1318 231 1359 hoc
249 1318 341 1359 datis».
360 1319 484 1360 Processus
502 1318 548 1359 iam
567 1319 609 1367 sub
628 1319 740 1371 Gregorio
759 1320 783 1359 X*
794 1319 915 1372 incoeptus
933 1322 960 1361 et.

57 1404 98 1444 per
113 1391 273 1433 Innocentium
287 1393 308 1433 V
322 1393 345 1444 et
359 1392 470 1442 Ioannem
484 1393 532 1433 XXI
547 1393 681 1443 protractus
696 1394 775 1433 erat³1.
811 1400 814 1408 ¹

111 1467 168 1508 Gum
186 1467 330 1508 instantibus
348 1479 400 1519 rege
419 1469 442 1508 et
461 1468 521 1509 clero
541 1467 635 1509 sueciae
655 1467 700 1508 viri
719 1468 797 1519 plures
816 1468 957 1510 venerabiles

58 1541 122 1582 illius
137 1537 214 1583 terrae
229 1540 327 1582 concilio
342 1541 516 1583 Constantiensi
532 1553 559 1582 ac
576 1541 631 1583 Scdi
647 1533 796 1592 Apostolicae
813 1552 855 1593 pro
872 1542 960 1583 honore

58 1615 169 1656 altarium
188 1615 413 1667 commendarentur,'
430 1614 466 1656 his
484 1614 617 1656 nominibus
636 1614 707 1656 etiam
727 1614 831 1667 Ingridis
850 1615 959 1656 monialis

61 1689 167 1747 (41282)
185 1690 354 1730 accensebatur.
373 1688 489 1731 Martinus
507 1690 528 1730 V
546 1688 612 1729 (1107
630 1687 711 1729 martii
728 1689 783 1729 1418
801 1685 960 1739 quaestionem

58 1774 128 1815 super
143 1762 180 1804 his
195 1762 271 1803 causis
287 1761 455 1803 instituendam
472 1761 600 1813 decrevit³²‚
619 1763 647 1803 de
663 1761 730 1803 cuius
747 1760 812 1812 exitu
829 1764 906 1803 autem
923 1762 957 1802 nil

58 1839 165 1878 constare
178 1836 276 1877 videtur.
292 1849 293 1852 ¹

113 1911 234 1952 Albertum
251 1910 367 1962 Magnum,
386 1921 451 1962 quem
468 1909 525 1951 Pius
542 1911 568 1951 ΙΙ
584 1909 609 1950 in
626 1910 732 1950 oratione
749 1909 860 1950 Mantuae
878 1908 961 1950 habita

58 1996 96 2026 ore
111 1984 205 2036 proprio
220 1984 288 2025 Beati
302 1983 373 2024 titulo
389 1983 513 2035 decora-rii,
530 1996 626 2035 eumque
641 1983 704 2024 inter
720 1983 825 2023 doctores
841 1982 960 2024 Ecclesiae

57 2061 111 2111 post
124 2058 263 2110 Aquinatem
277 2057 420 2109 10001011111,
436 2057 545 2109 magister
561 2057 644 2100 Salvus
659 2056 755 2098 Oasetta
769 2056 818 2108 ipse
833 2056 869 2097 die
884 2057 911 2098 11
925 2056 961 2099 ia·
995 2107 996 2110 Ἰ

57 2132 136 2173 nuarii
147 2133 202 2174 1483
214 2131 309 2183 speciali
321 2132 386 2172 cultu
399 2131 529 2183 honoravit,
543 2143 595 2172 cum
608 2130 657 2172 eius
671 2141 755 2181 corpus
767 2129 792 2170 in
805 2130 957 2173 illustriorem

58 2206 133 2247 locum
148 2205 297 2246 elevaveriti4.
315 2204 381 2247 Sixto
396 2206 431 2246 IV
445 2205 551 2257 pontifici
566 2203 687 2246 brachium
703 2203 730 2244 Β.
747 2203 839 2245 Alberti
849 2198 895 2255 'per
911 2216 960 2246 ma-

59 2279 157 2331 gistrum
173 2280 267 2320 Gasetta
284 2279 382 2320 allatum
399 2281 473 2320 estet
490 2277 641 2320 Innocentius
658 2277 721 2336 VIII
738 2277 813 2318 altare
830 2277 917 2330 erigere
934 2280 960 2319 et

59 2353 161 2394 officium
176 2353 201 2393 in
218 2353 386 2394 venerationem
402 2352 480 2404 magni
496 2354 519 2394 et
535 2351 599 2394 beati
614 2350 680 2392 illius
698 2350 799 2392 doctoris
815 2351 956 2393 concessit³⁵.

60 2427 105 2468 Sed
119 2426 209 2468 incuria
223 2427 331 2479 fratrum,
348 2425 532 2473 canonizationis
546 2424 665 2477 negotium
681 2423 794 2467 desiderio
809 2436 882 2477 usque
896 2436 960 2465 nunc

60 2500 165 2541 relictum
178 2504 220 2541 est.

114 2574 253 2615 [testimonia
270 2574 347 2615 cultus
365 2573 534 2615 venerabilibus
552 2571 640 2613 nostris
657 2572 772 2614 fratribus
788 2572 874 2614 tributi
891 2572 960 2612 meri-¹

58 2650 83 2688 10
100 2659 187 2699 quoque
203 2648 227 2687 in
243 2647 341 2699 picturis
357 2647 489 2699 tabulisque
505 2645 654 2687 ecclesiarum
670 2648 693 2687 et
710 2646 877 2697 capitularium
894 2644 960 2686 aula-⁴

59 2706 110 2761 rum
124 2724 257 2773 cernuntur,
271 2724 298 2762 ut
311 2722 336 2762 in
349 2721 405 2770 illis,
421 2732 478 2773 quas
492 2721 542 2761 arte
557 2721 580 2760 et
593 2719 680 2770 pietate
695 2720 794 2761 Ioannes
809 2720 888 2759 noster
903 2718 961 2759 Fae-

57 2795 155 2837 sulanus
169 2794 262 2835 creavit.
