<?xml version="1.0" encoding="UTF-8"?>
<!DOCTYPE html PUBLIC "-//W3C//DTD XHTML 1.0 Transitional//EN"
    "http://www.w3.org/TR/xhtml1/DTD/xhtml1-transitional.dtd">
<html xmlns="http://www.w3.org/1999/xhtml" xml:lang="en" lang="en">
 <head>
  <title>
</title>
<meta http-equiv="Content-Type" content="text/html;charset=utf-8" />
  <meta name='ocr-system' content='tesseract 3.04.00' />
  <meta name='ocr-capabilities' content='ocr_page ocr_carea ocr_par ocr_line ocrx_word'/>
</head>
<body>
  <div class='ocr_page' id='page_1' title='image "MN5081ucmf_3_0134.png"; bbox 0 0 2101 3187; ppageno 0'>
   <div class='ocr_carea' id='block_1_1' title="bbox 407 81 984 125">
    <p class='ocr_par' dir='ltr' id='par_1_1' title="bbox 407 81 984 125">
     <span class='ocr_line' id='line_1_1' title="bbox 407 81 984 125; baseline 0.009 -10"><span class='ocrx_word' id='word_1_1' title='bbox 407 81 499 122; x_wconf 77' lang='lat' dir='ltr'>Litul&#39;gia</span> <span class='ocrx_word' id='word_1_2' title='bbox 517 81 643 115; x_wconf 80' lang='lat' dir='ltr'>domimcana</span> <span class='ocrx_word' id='word_1_3' title='bbox 944 84 984 125; x_wconf 79' lang='grc'>107</span> 
     </span>
    </p>
   </div>
   <div class='ocr_carea' id='block_1_2' title="bbox 58 210 985 1594">
    <p class='ocr_par' dir='ltr' id='par_1_2' title="bbox 79 210 985 635">
     <span class='ocr_line' id='line_1_2' title="bbox 79 210 983 263; baseline 0.002 -12"><span class='ocrx_word' id='word_1_4' title='bbox 79 211 225 253; x_wconf 40' lang='lat' dir='ltr'>aiensibus&amp;</span> <span class='ocrx_word' id='word_1_5' title='bbox 254 212 316 254; x_wconf 89' lang='lat' dir='ltr'>Ordo</span> <span class='ocrx_word' id='word_1_6' title='bbox 343 210 518 263; x_wconf 79' lang='lat' dir='ltr'>Crucigerorum</span> <span class='ocrx_word' id='word_1_7' title='bbox 545 210 639 252; x_wconf 87' lang='lat' dir='ltr'>missale</span> <span class='ocrx_word' id='word_1_8' title='bbox 665 212 689 252; x_wconf 90' lang='lat' dir='ltr'>et</span> <span class='ocrx_word' id='word_1_9' title='bbox 715 210 856 253; x_wconf 87' lang='lat' dir='ltr'>breviarium</span> <span class='ocrx_word' id='word_1_10' title='bbox 882 211 983 253; x_wconf 87' lang='lat' dir='ltr'>fratrum</span> 
     </span>
     <span class='ocr_line' id='line_1_3' title="bbox 79 277 984 339; baseline 0.001 -12"><span class='ocrx_word' id='word_1_11' title='bbox 79 286 270 330; x_wconf 88' lang='lat' dir='ltr'>Praedicatorum</span> <span class='ocrx_word' id='word_1_12' title='bbox 285 287 396 329; x_wconf 88' lang='lat' dir='ltr'>adiuncto</span> <span class='ocrx_word' id='word_1_13' title='bbox 411 286 505 339; x_wconf 89' lang='lat' dir='ltr'>proprio</span> <span class='ocrx_word' id='word_1_14' title='bbox 521 286 639 339; x_wconf 56' lang='lat' dir='ltr'>accepist</span> <span class='ocrx_word' id='word_1_15' title='bbox 656 288 711 328; x_wconf 88' lang='lat' dir='ltr'>dum</span> <span class='ocrx_word' id='word_1_16' title='bbox 727 288 783 328; x_wconf 88' lang='lat' dir='ltr'>ordo</span> <span class='ocrx_word' id='word_1_17' title='bbox 799 277 984 328; x_wconf 72' lang='lat' dir='ltr'>militaris&#39;reu-</span> 
     </span>
     <span class='ocr_line' id='line_1_4' title="bbox 81 360 985 415; baseline 0.002 -14"><span class='ocrx_word' id='word_1_18' title='bbox 81 360 210 403; x_wconf 77' lang='lat' dir='ltr'>ionicorum</span> <span class='ocrx_word' id='word_1_19' title='bbox 225 361 298 415; x_wconf 83' lang='lat' dir='ltr'>magis</span> <span class='ocrx_word' id='word_1_20' title='bbox 313 373 336 402; x_wconf 91' lang='lat' dir='ltr'>se</span> <span class='ocrx_word' id='word_1_21' title='bbox 351 361 396 401; x_wconf 90' lang='lat' dir='ltr'>toti</span> <span class='ocrx_word' id='word_1_22' title='bbox 411 360 469 402; x_wconf 89' lang='lat' dir='ltr'>ritui</span> <span class='ocrx_word' id='word_1_23' title='bbox 484 361 640 403; x_wconf 85' lang='lat' dir='ltr'>dominiciano</span> <span class='ocrx_word' id='word_1_24' title='bbox 655 362 804 404; x_wconf 84' lang='lat' dir='ltr'>conformans</span> <span class='ocrx_word' id='word_1_25' title='bbox 818 361 913 404; x_wconf 90' lang='lat' dir='ltr'>nonnisi</span> <span class='ocrx_word' id='word_1_26' title='bbox 927 373 985 413; x_wconf 88' lang='lat' dir='ltr'>pau-</span> 
     </span>
     <span class='ocr_line' id='line_1_5' title="bbox 80 434 983 488; baseline 0 -12"><span class='ocrx_word' id='word_1_27' title='bbox 80 446 107 476; x_wconf 86' lang='lat' dir='ltr'>ca</span> <span class='ocrx_word' id='word_1_28' title='bbox 127 436 238 487; x_wconf 74' lang='lat' dir='ltr'>specialia</span> <span class='ocrx_word' id='word_1_29' title='bbox 259 434 304 477; x_wconf 89' lang='lat' dir='ltr'>sibi</span> <span class='ocrx_word' id='word_1_30' title='bbox 324 434 449 476; x_wconf 83' lang='lat' dir='ltr'>retinuit⁷³.</span> <span class='ocrx_word' id='word_1_31' title='bbox 472 435 535 476; x_wconf 86' lang='lat' dir='ltr'>Haec</span> <span class='ocrx_word' id='word_1_32' title='bbox 555 434 660 476; x_wconf 75' lang='lat' dir='ltr'>extensio</span> <span class='ocrx_word' id='word_1_33' title='bbox 681 434 792 488; x_wconf 76' lang='lat' dir='ltr'>liturgiae</span> <span class='ocrx_word' id='word_1_34' title='bbox 814 435 983 478; x_wconf 86' lang='lat' dir='ltr'>dominiciauae</span> 
     </span>
     <span class='ocr_line' id='line_1_6' title="bbox 79 508 983 561; baseline -0.001 -11"><span class='ocrx_word' id='word_1_35' title='bbox 79 510 110 551; x_wconf 90' lang='lat' dir='ltr'>ad</span> <span class='ocrx_word' id='word_1_36' title='bbox 127 509 230 552; x_wconf 89' lang='lat' dir='ltr'>ordinem</span> <span class='ocrx_word' id='word_1_37' title='bbox 248 508 398 550; x_wconf 72' lang='lat' dir='ltr'>Teutonicum</span> <span class='ocrx_word' id='word_1_38' title='bbox 415 520 476 555; x_wconf 89' lang='lat' dir='ltr'>anno</span> <span class='ocrx_word' id='word_1_39' title='bbox 493 509 637 561; x_wconf 74' lang='grc'><strong>12441666,</strong></span> <span class='ocrx_word' id='word_1_40' title='bbox 656 521 684 551; x_wconf 87' lang='lat' dir='ltr'>ex</span> <span class='ocrx_word' id='word_1_41' title='bbox 701 509 883 551; x_wconf 71' lang='lat' dir='ltr'>collaboratione</span> <span class='ocrx_word' id='word_1_42' title='bbox 901 509 983 550; x_wconf 88' lang='lat' dir='ltr'>horum</span> 
     </span>
     <span class='ocr_line' id='line_1_7' title="bbox 79 582 666 635; baseline 0 -11"><span class='ocrx_word' id='word_1_43' title='bbox 79 584 186 626; x_wconf 82' lang='lat' dir='ltr'>ordinum</span> <span class='ocrx_word' id='word_1_44' title='bbox 203 583 228 624; x_wconf 88' lang='lat' dir='ltr'>in</span> <span class='ocrx_word' id='word_1_45' title='bbox 244 582 352 635; x_wconf 88' lang='lat' dir='ltr'>partibus</span> <span class='ocrx_word' id='word_1_46' title='bbox 367 583 492 624; x_wconf 89' lang='lat' dir='ltr'>Borussiae</span> <span class='ocrx_word' id='word_1_47' title='bbox 508 583 666 635; x_wconf 55' lang='lat' dir='ltr'>explicaturn.</span> 
     </span>
    </p>

    <p class='ocr_par' dir='ltr' id='par_1_3' title="bbox 79 656 983 857">
     <span class='ocr_line' id='line_1_8' title="bbox 135 656 982 710; baseline 0 -12"><span class='ocrx_word' id='word_1_48' title='bbox 135 656 286 699; x_wconf 76' lang='lat' dir='ltr'>Innocentius</span> <span class='ocrx_word' id='word_1_49' title='bbox 296 657 330 699; x_wconf 87' lang='lat' dir='ltr'>IV</span> <span class='ocrx_word' id='word_1_50' title='bbox 339 656 430 709; x_wconf 88' lang='lat' dir='ltr'>quidem</span> <span class='ocrx_word' id='word_1_51' title='bbox 439 656 476 698; x_wconf 90' lang='lat' dir='ltr'>die</span> <span class='ocrx_word' id='word_1_52' title='bbox 485 658 512 698; x_wconf 82' lang='lat'>13</span> <span class='ocrx_word' id='word_1_53' title='bbox 520 656 635 699; x_wconf 84' lang='lat' dir='ltr'>februarii</span> <span class='ocrx_word' id='word_1_54' title='bbox 645 657 700 698; x_wconf 79' lang='lat'>1244</span> <span class='ocrx_word' id='word_1_55' title='bbox 709 656 746 710; x_wconf 87' lang='lat' dir='ltr'>iis,</span> <span class='ocrx_word' id='word_1_56' title='bbox 758 659 792 708; x_wconf 87' lang='lat' dir='ltr'>ut,</span> <span class='ocrx_word' id='word_1_57' title='bbox 805 669 869 698; x_wconf 81' lang='lat' dir='ltr'>«cum</span> <span class='ocrx_word' id='word_1_58' title='bbox 880 657 982 698; x_wconf 82' lang='lat' dir='ltr'>officium</span> 
     </span>
     <span class='ocr_line' id='line_1_9' title="bbox 79 729 983 783; baseline 0 -10"><span class='ocrx_word' id='word_1_59' title='bbox 79 731 205 773; x_wconf 86' lang='lat' dir='ltr'>secundum</span> <span class='ocrx_word' id='word_1_60' title='bbox 221 729 325 772; x_wconf 81' lang='lat' dir='ltr'>ordinem</span> <span class='ocrx_word' id='word_1_61' title='bbox 342 731 366 773; x_wconf 78' lang='lat' dir='ltr'>S.</span> <span class='ocrx_word' id='word_1_62' title='bbox 385 730 506 783; x_wconf 78' lang='lat' dir='ltr'>Sepulchri</span> <span class='ocrx_word' id='word_1_63' title='bbox 523 743 537 772; x_wconf 87' lang='lat' dir='ltr'>a</span> <span class='ocrx_word' id='word_1_64' title='bbox 554 731 662 783; x_wconf 87' lang='lat' dir='ltr'>pluribus</span> <span class='ocrx_word' id='word_1_65' title='bbox 678 731 794 774; x_wconf 75' lang='lat' dir='ltr'>iratribus</span> <span class='ocrx_word' id='word_1_66' title='bbox 811 731 902 773; x_wconf 77' lang='lat' dir='ltr'>clericis</span> <span class='ocrx_word' id='word_1_67' title='bbox 919 731 983 783; x_wconf 83' lang='lat' dir='ltr'>igno-</span> 
     </span>
     <span class='ocr_line' id='line_1_10' title="bbox 79 804 982 857; baseline 0 -12"><span class='ocrx_word' id='word_1_68' title='bbox 79 808 152 857; x_wconf 83' lang='lat' dir='ltr'>retur,</span> <span class='ocrx_word' id='word_1_69' title='bbox 170 804 230 846; x_wconf 89' lang='lat' dir='ltr'>illud</span> <span class='ocrx_word' id='word_1_70' title='bbox 247 804 371 846; x_wconf 89' lang='lat' dir='ltr'>secundum</span> <span class='ocrx_word' id='word_1_71' title='bbox 388 805 491 846; x_wconf 83' lang='lat' dir='ltr'>ordinem</span> <span class='ocrx_word' id='word_1_72' title='bbox 508 804 610 846; x_wconf 86' lang='lat' dir='ltr'>fratrum</span> <span class='ocrx_word' id='word_1_73' title='bbox 627 805 819 846; x_wconf 89' lang='lat' dir='ltr'>Praedicatorum</span> <span class='ocrx_word' id='word_1_74' title='bbox 836 804 862 845; x_wconf 88' lang='lat' dir='ltr'>in</span> <span class='ocrx_word' id='word_1_75' title='bbox 879 804 982 857; x_wconf 87' lang='lat' dir='ltr'>ipsorum</span> 
     </span>
    </p>

    <p class='ocr_par' dir='ltr' id='par_1_4' title="bbox 58 877 982 1214">
     <span class='ocr_line' id='line_1_11' title="bbox 58 877 982 931; baseline 0.001 -12"><span class='ocrx_word' id='word_1_76' title='bbox 58 886 59 889; x_wconf 73' lang='grc'>’</span> <span class='ocrx_word' id='word_1_77' title='bbox 79 879 186 920; x_wconf 87' lang='lat' dir='ltr'>domibus</span> <span class='ocrx_word' id='word_1_78' title='bbox 201 877 285 930; x_wconf 87' lang='lat' dir='ltr'>ubique</span> <span class='ocrx_word' id='word_1_79' title='bbox 301 878 450 919; x_wconf 79' lang='lat' dir='ltr'>celebretur»</span> <span class='ocrx_word' id='word_1_80' title='bbox 466 877 599 931; x_wconf 78' lang='lat' dir='ltr'>indulget⁷⁵.</span> <span class='ocrx_word' id='word_1_81' title='bbox 618 879 650 920; x_wconf 80' lang='grc'>111</span> <span class='ocrx_word' id='word_1_82' title='bbox 666 880 762 930; x_wconf 89' lang='lat' dir='ltr'>peracta</span> <span class='ocrx_word' id='word_1_83' title='bbox 779 878 926 920; x_wconf 86' lang='lat' dir='ltr'>ordinatione</span> <span class='ocrx_word' id='word_1_84' title='bbox 943 890 982 920; x_wconf 89' lang='lat' dir='ltr'>no·</span> 
     </span>
     <span class='ocr_line' id='line_1_12' title="bbox 79 951 982 1004; baseline -0.001 -10"><span class='ocrx_word' id='word_1_85' title='bbox 79 965 107 994; x_wconf 83' lang='lat' dir='ltr'>va</span> <span class='ocrx_word' id='word_1_86' title='bbox 119 951 230 1004; x_wconf 77' lang='lat' dir='ltr'>liturgiae</span> <span class='ocrx_word' id='word_1_87' title='bbox 243 951 411 994; x_wconf 88' lang='lat' dir='ltr'>dominicianae</span> <span class='ocrx_word' id='word_1_88' title='bbox 424 952 554 994; x_wconf 80' lang='lat' dir='ltr'>Alexander</span> <span class='ocrx_word' id='word_1_89' title='bbox 568 954 602 994; x_wconf 90' lang='lat' dir='ltr'>IV</span> <span class='ocrx_word' id='word_1_90' title='bbox 616 952 693 994; x_wconf 78' lang='grc'><strong>(11621</strong></span> <span class='ocrx_word' id='word_1_91' title='bbox 706 952 820 994; x_wconf 90' lang='lat' dir='ltr'>februarii</span> <span class='ocrx_word' id='word_1_92' title='bbox 832 953 887 993; x_wconf 80' lang='lat'>1257</span> <span class='ocrx_word' id='word_1_93' title='bbox 899 951 982 994; x_wconf 88' lang='lat' dir='ltr'>iisdem</span> 
     </span>
     <span class='ocr_line' id='line_1_13' title="bbox 78 1012 982 1077; baseline 0.002 -12"><span class='ocrx_word' id='word_1_94' title='bbox 78 1024 199 1077; x_wconf 85' lang='lat' dir='ltr'>concessit,</span> <span class='ocrx_word' id='word_1_95' title='bbox 216 1038 227 1065; x_wconf 80' lang='lat'>«</span> <span class='ocrx_word' id='word_1_96' title='bbox 238 1027 265 1067; x_wconf 90' lang='lat' dir='ltr'>ut</span> <span class='ocrx_word' id='word_1_97' title='bbox 279 1025 382 1067; x_wconf 81' lang='lat' dir='ltr'>divinum</span> <span class='ocrx_word' id='word_1_98' title='bbox 396 1025 498 1067; x_wconf 81' lang='lat' dir='ltr'>cilicium</span> <span class='ocrx_word' id='word_1_99' title='bbox 512 1027 637 1067; x_wconf 88' lang='lat' dir='ltr'>secundum</span> <span class='ocrx_word' id='word_1_100' title='bbox 652 1026 757 1068; x_wconf 89' lang='lat' dir='ltr'>ordinem</span> <span class='ocrx_word' id='word_1_101' title='bbox 771 1026 873 1067; x_wconf 77' lang='lat' dir='ltr'>fratrum</span> <span class='ocrx_word' id='word_1_102' title='bbox 888 1012 982 1067; x_wconf 84' lang='lat' dir='ltr'>Praedi-</span> 
     </span>
     <span class='ocr_line' id='line_1_14' title="bbox 78 1083 982 1153; baseline -0.001 -13"><span class='ocrx_word' id='word_1_103' title='bbox 78 1086 184 1140; x_wconf 84' lang='lat' dir='ltr'>catorum</span> <span class='ocrx_word' id='word_1_104' title='bbox 196 1098 221 1139; x_wconf 90' lang='lat' dir='ltr'>in</span> <span class='ocrx_word' id='word_1_105' title='bbox 233 1098 313 1140; x_wconf 86' lang='lat' dir='ltr'>ordine</span> <span class='ocrx_word' id='word_1_106' title='bbox 325 1111 366 1140; x_wconf 90' lang='lat' dir='ltr'>suo</span> <span class='ocrx_word' id='word_1_107' title='bbox 378 1100 409 1140; x_wconf 91' lang='lat' dir='ltr'>ad</span> <span class='ocrx_word' id='word_1_108' title='bbox 421 1083 542 1152; x_wconf 81' lang='lat' dir='ltr'>qrramdarn</span> <span class='ocrx_word' id='word_1_109' title='bbox 554 1100 654 1141; x_wconf 88' lang='lat' dir='ltr'>formam</span> <span class='ocrx_word' id='word_1_110' title='bbox 666 1098 775 1153; x_wconf 84' lang='lat' dir='ltr'>religioni</span> <span class='ocrx_word' id='word_1_111' title='bbox 788 1111 843 1141; x_wconf 89' lang='lat' dir='ltr'>suae</span> <span class='ocrx_word' id='word_1_112' title='bbox 856 1111 982 1151; x_wconf 80' lang='lat' dir='ltr'>congruam</span> 
     </span>
     <span class='ocr_line' id='line_1_15' title="bbox 78 1173 379 1214; baseline 0 -1"><span class='ocrx_word' id='word_1_113' title='bbox 78 1173 197 1214; x_wconf 89' lang='lat' dir='ltr'>redactum</span> <span class='ocrx_word' id='word_1_114' title='bbox 210 1174 379 1214; x_wconf 64' lang='lat' dir='ltr'>observentur.</span> 
     </span>
    </p>

    <p class='ocr_par' dir='ltr' id='par_1_5' title="bbox 77 1234 983 1594">
     <span class='ocr_line' id='line_1_16' title="bbox 134 1234 981 1289; baseline 0 -1"><span class='ocrx_word' id='word_1_115' title='bbox 134 1248 163 1288; x_wconf 89' lang='lat' dir='ltr'>In</span> <span class='ocrx_word' id='word_1_116' title='bbox 173 1246 255 1288; x_wconf 76' lang='lat' dir='ltr'>Suecia</span> <span class='ocrx_word' id='word_1_117' title='bbox 265 1259 292 1288; x_wconf 91' lang='lat' dir='ltr'>ex</span> <span class='ocrx_word' id='word_1_118' title='bbox 302 1247 393 1289; x_wconf 89' lang='lat' dir='ltr'>saeculo</span> <span class='ocrx_word' id='word_1_119' title='bbox 403 1247 447 1288; x_wconf 82' lang='lat' dir='ltr'>XII</span> <span class='ocrx_word' id='word_1_120' title='bbox 456 1247 562 1288; x_wconf 78' lang='lat' dir='ltr'>influxus</span> <span class='ocrx_word' id='word_1_121' title='bbox 572 1234 737 1289; x_wconf 79' lang='lat' dir='ltr'>Oistercienses</span> <span class='ocrx_word' id='word_1_122' title='bbox 747 1249 771 1289; x_wconf 92' lang='lat' dir='ltr'>et</span> <span class='ocrx_word' id='word_1_123' title='bbox 782 1259 809 1289; x_wconf 89' lang='lat' dir='ltr'>ex</span> <span class='ocrx_word' id='word_1_124' title='bbox 820 1246 912 1289; x_wconf 88' lang='lat' dir='ltr'>saeculo</span> <span class='ocrx_word' id='word_1_125' title='bbox 923 1247 981 1288; x_wconf 81' lang='lat' dir='ltr'>XIII</span> 
     </span>
     <span class='ocr_line' id='line_1_17' title="bbox 78 1319 983 1374; baseline 0.002 -14"><span class='ocrx_word' id='word_1_126' title='bbox 78 1320 184 1362; x_wconf 76' lang='lat' dir='ltr'>influxus</span> <span class='ocrx_word' id='word_1_127' title='bbox 203 1320 301 1362; x_wconf 87' lang='lat' dir='ltr'>notandi</span> <span class='ocrx_word' id='word_1_128' title='bbox 320 1320 429 1373; x_wconf 84' lang='lat' dir='ltr'>liturgiae</span> <span class='ocrx_word' id='word_1_129' title='bbox 449 1319 617 1362; x_wconf 88' lang='lat' dir='ltr'>dominicianae</span> <span class='ocrx_word' id='word_1_130' title='bbox 636 1320 661 1361; x_wconf 90' lang='lat' dir='ltr'>in</span> <span class='ocrx_word' id='word_1_131' title='bbox 681 1320 753 1364; x_wconf 90' lang='lat' dir='ltr'>libros</span> <span class='ocrx_word' id='word_1_132' title='bbox 772 1320 896 1374; x_wconf 84' lang='lat' dir='ltr'>liturgicos</span> <span class='ocrx_word' id='word_1_133' title='bbox 915 1320 983 1362; x_wconf 90' lang='lat' dir='ltr'>illius</span> 
     </span>
     <span class='ocr_line' id='line_1_18' title="bbox 77 1394 983 1450; baseline 0.001 -16"><span class='ocrx_word' id='word_1_134' title='bbox 77 1395 143 1446; x_wconf 87' lang='lat' dir='ltr'>regni</span> <span class='ocrx_word' id='word_1_135' title='bbox 167 1396 307 1450; x_wconf 80' lang='lat' dir='ltr'>apparent⁷⁷.</span> <span class='ocrx_word' id='word_1_136' title='bbox 333 1394 462 1447; x_wconf 86' lang='lat' dir='ltr'>Praeprimi</span> <span class='ocrx_word' id='word_1_137' title='bbox 485 1394 510 1434; x_wconf 90' lang='lat' dir='ltr'>in</span> <span class='ocrx_word' id='word_1_138' title='bbox 534 1394 689 1436; x_wconf 68' lang='lat' dir='ltr'>kalendario78</span> <span class='ocrx_word' id='word_1_139' title='bbox 715 1394 789 1436; x_wconf 88' lang='lat' dir='ltr'>maior</span> <span class='ocrx_word' id='word_1_140' title='bbox 813 1397 864 1436; x_wconf 90' lang='lat' dir='ltr'>erat</span> <span class='ocrx_word' id='word_1_141' title='bbox 888 1406 983 1436; x_wconf 88' lang='lat' dir='ltr'>concor-</span> 
     </span>
     <span class='ocr_line' id='line_1_19' title="bbox 78 1466 981 1521; baseline 0.004 -13"><span class='ocrx_word' id='word_1_142' title='bbox 78 1468 160 1509; x_wconf 86' lang='lat' dir='ltr'>dantia</span> <span class='ocrx_word' id='word_1_143' title='bbox 173 1467 274 1509; x_wconf 89' lang='lat' dir='ltr'>missalis</span> <span class='ocrx_word' id='word_1_144' title='bbox 296 1468 381 1509; x_wconf 89' lang='lat' dir='ltr'>suecici</span> <span class='ocrx_word' id='word_1_145' title='bbox 394 1469 417 1509; x_wconf 91' lang='lat' dir='ltr'>et</span> <span class='ocrx_word' id='word_1_146' title='bbox 430 1466 580 1510; x_wconf 90' lang='lat' dir='ltr'>dominiciani</span> <span class='ocrx_word' id='word_1_147' title='bbox 602 1480 671 1521; x_wconf 87' lang='lat' dir='ltr'>quarn</span> <span class='ocrx_word' id='word_1_148' title='bbox 694 1480 746 1509; x_wconf 88' lang='lat' dir='ltr'>cum</span> <span class='ocrx_word' id='word_1_149' title='bbox 769 1468 816 1509; x_wconf 89' lang='lat' dir='ltr'>alio</span> <span class='ocrx_word' id='word_1_150' title='bbox 830 1480 981 1521; x_wconf 67' lang='lat' dir='ltr'>quocumque.</span> 
     </span>
     <span class='ocr_line' id='line_1_20' title="bbox 77 1541 981 1594; baseline 0.001 -12"><span class='ocrx_word' id='word_1_151' title='bbox 77 1542 112 1583; x_wconf 87' lang='lat' dir='ltr'>ita</span> <span class='ocrx_word' id='word_1_152' title='bbox 123 1544 150 1583; x_wconf 89' lang='lat' dir='ltr'>ut</span> <span class='ocrx_word' id='word_1_153' title='bbox 160 1543 236 1583; x_wconf 87' lang='lat' dir='ltr'>forma</span> <span class='ocrx_word' id='word_1_154' title='bbox 256 1541 411 1584; x_wconf 90' lang='lat' dir='ltr'>dominiciana</span> <span class='ocrx_word' id='word_1_155' title='bbox 432 1541 599 1594; x_wconf 85' lang='lat' dir='ltr'>quammaxime</span> <span class='ocrx_word' id='word_1_156' title='bbox 619 1542 645 1582; x_wconf 90' lang='lat' dir='ltr'>in</span> <span class='ocrx_word' id='word_1_157' title='bbox 656 1542 808 1584; x_wconf 87' lang='lat' dir='ltr'>traditionem</span> <span class='ocrx_word' id='word_1_158' title='bbox 830 1542 981 1594; x_wconf 87' lang='lat' dir='ltr'>Upsalensem</span> 
     </span>
    </p>
   </div>
   <div class='ocr_carea' id='block_1_3' title="bbox 77 1615 983 2026">
    <p class='ocr_par' dir='ltr' id='par_1_6' title="bbox 77 1615 983 2026">
     <span class='ocr_line' id='line_1_21' title="bbox 77 1615 982 1668; baseline 0.001 -14"><span class='ocrx_word' id='word_1_159' title='bbox 77 1615 229 1668; x_wconf 80' lang='lat' dir='ltr'>intraverit⁷⁹,</span> <span class='ocrx_word' id='word_1_160' title='bbox 246 1617 268 1657; x_wconf 90' lang='grc'>61</span> <span class='ocrx_word' id='word_1_161' title='bbox 285 1630 295 1656; x_wconf 91' lang='lat'>«</span> <span class='ocrx_word' id='word_1_162' title='bbox 307 1615 508 1658; x_wconf 79' lang='lat' dir='ltr'>dominicanizatic</span> <span class='ocrx_word' id='word_1_163' title='bbox 520 1617 551 1655; x_wconf 80' lang='lat'>»⁸⁰</span> <span class='ocrx_word' id='word_1_164' title='bbox 567 1615 674 1668; x_wconf 86' lang='lat' dir='ltr'>partibus</span> <span class='ocrx_word' id='word_1_165' title='bbox 690 1616 799 1668; x_wconf 90' lang='lat' dir='ltr'>pluribus</span> <span class='ocrx_word' id='word_1_166' title='bbox 813 1615 915 1659; x_wconf 86' lang='lat' dir='ltr'>missalis</span> <span class='ocrx_word' id='word_1_167' title='bbox 931 1627 982 1658; x_wconf 51' lang='lat' dir='ltr'>sue-¹</span> 
     </span>
     <span class='ocr_line' id='line_1_22' title="bbox 77 1688 982 1741; baseline 0 -12"><span class='ocrx_word' id='word_1_168' title='bbox 77 1688 120 1730; x_wconf 90' lang='lat' dir='ltr'>cici</span> <span class='ocrx_word' id='word_1_169' title='bbox 133 1688 271 1741; x_wconf 85' lang='lat' dir='ltr'>applicetur.</span> <span class='ocrx_word' id='word_1_170' title='bbox 286 1689 422 1731; x_wconf 82' lang='lat' dir='ltr'>Auctoritas</span> <span class='ocrx_word' id='word_1_171' title='bbox 434 1690 535 1730; x_wconf 75' lang='lat' dir='ltr'>fratrum</span> <span class='ocrx_word' id='word_1_172' title='bbox 548 1689 741 1731; x_wconf 78' lang='lat' dir='ltr'>Praeclicatorum</span> <span class='ocrx_word' id='word_1_173' title='bbox 754 1690 780 1730; x_wconf 92' lang='lat' dir='ltr'>in</span> <span class='ocrx_word' id='word_1_174' title='bbox 794 1689 876 1731; x_wconf 82' lang='lat' dir='ltr'>Suecia</span> <span class='ocrx_word' id='word_1_175' title='bbox 890 1689 915 1729; x_wconf 91' lang='lat' dir='ltr'>in</span> <span class='ocrx_word' id='word_1_176' title='bbox 928 1701 982 1731; x_wconf 89' lang='lat' dir='ltr'>con-</span> 
     </span>
     <span class='ocr_line' id='line_1_23' title="bbox 77 1762 983 1816; baseline 0.001 -13"><span class='ocrx_word' id='word_1_177' title='bbox 77 1765 170 1804; x_wconf 80' lang='lat' dir='ltr'>ventum</span> <span class='ocrx_word' id='word_1_178' title='bbox 185 1763 313 1804; x_wconf 73' lang='lat' dir='ltr'>Aboenscm</span> <span class='ocrx_word' id='word_1_179' title='bbox 327 1764 389 1816; x_wconf 87' lang='lat' dir='ltr'>apud</span> <span class='ocrx_word' id='word_1_180' title='bbox 404 1762 561 1805; x_wconf 79' lang='lat' dir='ltr'>Finnos1249</span> <span class='ocrx_word' id='word_1_181' title='bbox 576 1764 678 1805; x_wconf 88' lang='lat' dir='ltr'>erectum</span> <span class='ocrx_word' id='word_1_182' title='bbox 694 1762 819 1811; x_wconf 62' lang='lat' dir='ltr'>transiitfl.</span> <span class='ocrx_word' id='word_1_183' title='bbox 836 1764 857 1804; x_wconf 83' lang='lat' dir='ltr'><strong>A</strong></span> <span class='ocrx_word' id='word_1_184' title='bbox 873 1765 983 1815; x_wconf 79' lang='lat' dir='ltr'>vergente</span> 
     </span>
     <span class='ocr_line' id='line_1_24' title="bbox 77 1827 970 1898; baseline -0.001 -20"><span class='ocrx_word' id='word_1_185' title='bbox 77 1837 169 1878; x_wconf 82' lang='lat' dir='ltr'>saeculo</span> <span class='ocrx_word' id='word_1_186' title='bbox 182 1837 241 1878; x_wconf 84' lang='lat' dir='ltr'>XIII</span> <span class='ocrx_word' id='word_1_187' title='bbox 254 1837 430 1877; x_wconf 82' lang='lat' dir='ltr'>fundamentum</span> <span class='ocrx_word' id='word_1_188' title='bbox 453 1836 562 1890; x_wconf 84' lang='lat' dir='ltr'>liturgiae</span> <span class='ocrx_word' id='word_1_189' title='bbox 586 1836 620 1898; x_wconf 15' lang='lat' dir='ltr'>inl</span> <span class='ocrx_word' id='word_1_190' title='bbox 634 1827 761 1878; x_wconf 83' lang='lat' dir='ltr'>Finlandia</span> <span class='ocrx_word' id='word_1_191' title='bbox 784 1837 846 1878; x_wconf 89' lang='lat' dir='ltr'>ritus</span> <span class='ocrx_word' id='word_1_192' title='bbox 869 1839 970 1878; x_wconf 86' lang='lat' dir='ltr'>fratrum</span> 
     </span>
     <span class='ocr_line' id='line_1_25' title="bbox 77 1909 982 1959; baseline 0.002 -9"><span class='ocrx_word' id='word_1_193' title='bbox 77 1909 268 1959; x_wconf 81' lang='lat' dir='ltr'>Praedicatorum</span> <span class='ocrx_word' id='word_1_194' title='bbox 285 1913 342 1952; x_wconf 84' lang='lat' dir='ltr'>erat.</span> <span class='ocrx_word' id='word_1_195' title='bbox 361 1910 528 1952; x_wconf 87' lang='lat' dir='ltr'>Kalendarium</span> <span class='ocrx_word' id='word_1_196' title='bbox 546 1909 728 1952; x_wconf 89' lang='lat' dir='ltr'>dominicianum</span> <span class='ocrx_word' id='word_1_197' title='bbox 746 1912 795 1952; x_wconf 86' lang='lat' dir='ltr'>iere</span> <span class='ocrx_word' id='word_1_198' title='bbox 812 1909 927 1952; x_wconf 87' lang='lat' dir='ltr'>exclusive</span> <span class='ocrx_word' id='word_1_199' title='bbox 944 1922 982 1952; x_wconf 84' lang='lat' dir='ltr'>as-</span> 
     </span>
     <span class='ocr_line' id='line_1_26' title="bbox 77 1983 982 2026; baseline 0 -2"><span class='ocrx_word' id='word_1_200' title='bbox 77 1985 212 2025; x_wconf 84' lang='lat' dir='ltr'>sumebatur</span> <span class='ocrx_word' id='word_1_201' title='bbox 226 1986 249 2025; x_wconf 90' lang='lat' dir='ltr'>et</span> <span class='ocrx_word' id='word_1_202' title='bbox 264 1984 355 2025; x_wconf 89' lang='lat' dir='ltr'>saeculo</span> <span class='ocrx_word' id='word_1_203' title='bbox 370 1985 409 2025; x_wconf 83' lang='lat' dir='ltr'>XV</span> <span class='ocrx_word' id='word_1_204' title='bbox 424 1986 521 2026; x_wconf 85' lang='lat' dir='ltr'>exeunte</span> <span class='ocrx_word' id='word_1_205' title='bbox 536 1986 587 2025; x_wconf 88' lang='lat' dir='ltr'>tum</span> <span class='ocrx_word' id='word_1_206' title='bbox 601 1983 717 2026; x_wconf 86' lang='lat' dir='ltr'>breviaria</span> <span class='ocrx_word' id='word_1_207' title='bbox 733 1985 783 2025; x_wconf 89' lang='lat' dir='ltr'>tum</span> <span class='ocrx_word' id='word_1_208' title='bbox 799 1983 903 2026; x_wconf 82' lang='lat' dir='ltr'>missalia</span> <span class='ocrx_word' id='word_1_209' title='bbox 919 1985 982 2025; x_wconf 90' lang='lat' dir='ltr'>ordi-</span> 
     </span>
    </p>
   </div>
   <div class='ocr_carea' id='block_1_4' title="bbox 28 2057 982 3148">
    <p class='ocr_par' dir='ltr' id='par_1_7' title="bbox 76 2057 982 2182">
     <span class='ocr_line' id='line_1_27' title="bbox 77 2057 982 2110; baseline 0.001 -14"><span class='ocrx_word' id='word_1_210' title='bbox 77 2058 113 2098; x_wconf 86' lang='lat' dir='ltr'>nis</span> <span class='ocrx_word' id='word_1_211' title='bbox 127 2057 318 2099; x_wconf 86' lang='lat' dir='ltr'>Praedicatorum</span> <span class='ocrx_word' id='word_1_212' title='bbox 332 2057 410 2099; x_wconf 84' lang='lat' dir='ltr'>titulis</span> <span class='ocrx_word' id='word_1_213' title='bbox 425 2057 585 2110; x_wconf 85' lang='lat' dir='ltr'>aliquibusquc</span> <span class='ocrx_word' id='word_1_214' title='bbox 600 2057 692 2110; x_wconf 84' lang='lat' dir='ltr'>paginis</span> <span class='ocrx_word' id='word_1_215' title='bbox 707 2057 806 2106; x_wconf 88' lang='lat' dir='ltr'>mutatis</span> <span class='ocrx_word' id='word_1_216' title='bbox 819 2069 834 2098; x_wconf 87' lang='lat' dir='ltr'>a</span> <span class='ocrx_word' id='word_1_217' title='bbox 849 2057 909 2099; x_wconf 88' lang='lat' dir='ltr'>clero</span> <span class='ocrx_word' id='word_1_218' title='bbox 925 2057 982 2098; x_wconf 80' lang='lat' dir='ltr'>rin..</span> 
     </span>
     <span class='ocr_line' id='line_1_28' title="bbox 76 2131 941 2182; baseline 0.001 -11"><span class='ocrx_word' id='word_1_219' title='bbox 76 2131 170 2173; x_wconf 71' lang='lat' dir='ltr'>laudisne</span> <span class='ocrx_word' id='word_1_220' title='bbox 180 2131 377 2173; x_wconf 82' lang='lat' dir='ltr'>adhibebantur⁸².</span> <span class='ocrx_word' id='word_1_221' title='bbox 940 2179 941 2182; x_wconf 7' lang='grc' dir='ltr'><strong>Ἰ</strong></span> 
     </span>
    </p>

    <p class='ocr_par' dir='ltr' id='par_1_8' title="bbox 28 2204 982 2846">
     <span class='ocr_line' id='line_1_29' title="bbox 133 2204 980 2257; baseline 0.001 -13"><span class='ocrx_word' id='word_1_222' title='bbox 133 2204 307 2247; x_wconf 83' lang='lat' dir='ltr'>Animadversio</span> <span class='ocrx_word' id='word_1_223' title='bbox 320 2206 395 2247; x_wconf 87' lang='lat' dir='ltr'>adhuc</span> <span class='ocrx_word' id='word_1_224' title='bbox 407 2206 545 2247; x_wconf 88' lang='lat' dir='ltr'>attendatur</span> <span class='ocrx_word' id='word_1_225' title='bbox 558 2206 586 2247; x_wconf 90' lang='lat' dir='ltr'>de</span> <span class='ocrx_word' id='word_1_226' title='bbox 598 2204 679 2257; x_wconf 85' lang='lat' dir='ltr'>lingua·</span> <span class='ocrx_word' id='word_1_227' title='bbox 693 2204 766 2246; x_wconf 85' lang='lat' dir='ltr'>officii</span> <span class='ocrx_word' id='word_1_228' title='bbox 779 2204 980 2246; x_wconf 88' lang='lat' dir='ltr'>missionariorum</span> 
     </span>
     <span class='ocr_line' id='line_1_30' title="bbox 76 2278 980 2331; baseline 0 -12"><span class='ocrx_word' id='word_1_229' title='bbox 76 2278 164 2321; x_wconf 85' lang='lat' dir='ltr'>ordinis</span> <span class='ocrx_word' id='word_1_230' title='bbox 184 2278 381 2321; x_wconf 88' lang='lat' dir='ltr'>Praedicatcrum.</span> <span class='ocrx_word' id='word_1_231' title='bbox 402 2278 495 2320; x_wconf 85' lang='lat' dir='ltr'>Etenim</span> <span class='ocrx_word' id='word_1_232' title='bbox 513 2278 585 2320; x_wconf 88' lang='grc'><strong>116111</strong></span> <span class='ocrx_word' id='word_1_233' title='bbox 604 2278 707 2319; x_wconf 86' lang='lat' dir='ltr'>Maximo</span> <span class='ocrx_word' id='word_1_234' title='bbox 727 2279 755 2321; x_wconf 93' lang='lat' dir='ltr'>de</span> <span class='ocrx_word' id='word_1_235' title='bbox 774 2278 980 2331; x_wconf 75' lang='lat' dir='ltr'>Constantinopoli</span> 
     </span>
     <span class='ocr_line' id='line_1_31' title="bbox 62 2337 981 2405; baseline 0.002 -15"><span class='ocrx_word' id='word_1_236' title='bbox 62 2384 63 2388; x_wconf 70' lang='grc'>,</span> <span class='ocrx_word' id='word_1_237' title='bbox 76 2363 136 2392; x_wconf 85' lang='lat' dir='ltr'>anno</span> <span class='ocrx_word' id='word_1_238' title='bbox 149 2337 204 2393; x_wconf 78' lang='lat'>1398</span> <span class='ocrx_word' id='word_1_239' title='bbox 216 2364 231 2393; x_wconf 90' lang='lat' dir='ltr'>a</span> <span class='ocrx_word' id='word_1_240' title='bbox 244 2352 364 2395; x_wconf 85' lang='lat' dir='ltr'>Bonifatio</span> <span class='ocrx_word' id='word_1_241' title='bbox 378 2353 408 2394; x_wconf 89' lang='lat' dir='ltr'>IX</span> <span class='ocrx_word' id='word_1_242' title='bbox 421 2352 523 2394; x_wconf 88' lang='lat' dir='ltr'>facultas</span> <span class='ocrx_word' id='word_1_243' title='bbox 537 2352 571 2405; x_wconf 86' lang='lat' dir='ltr'>fit,</span> <span class='ocrx_word' id='word_1_244' title='bbox 587 2352 607 2394; x_wconf 93' lang='lat' dir='ltr'>si</span> <span class='ocrx_word' id='word_1_245' title='bbox 620 2352 646 2392; x_wconf 87' lang='lat' dir='ltr'>in</span> <span class='ocrx_word' id='word_1_246' title='bbox 659 2352 767 2404; x_wconf 89' lang='lat' dir='ltr'>partibus</span> <span class='ocrx_word' id='word_1_247' title='bbox 782 2352 892 2395; x_wconf 79' lang='lat' dir='ltr'>Graeciae</span> <span class='ocrx_word' id='word_1_248' title='bbox 907 2352 981 2404; x_wconf 77' lang='lat' dir='ltr'>degit,</span> 
     </span>
     <span class='ocr_line' id='line_1_32' title="bbox 76 2425 982 2479; baseline 0 -13"><span class='ocrx_word' id='word_1_249' title='bbox 76 2425 158 2467; x_wconf 86' lang='lat' dir='ltr'>missas</span> <span class='ocrx_word' id='word_1_250' title='bbox 175 2426 198 2465; x_wconf 91' lang='lat' dir='ltr'>et</span> <span class='ocrx_word' id='word_1_251' title='bbox 214 2425 261 2466; x_wconf 89' lang='lat' dir='ltr'>alia</span> <span class='ocrx_word' id='word_1_252' title='bbox 277 2426 409 2468; x_wconf 87' lang='lat' dir='ltr'>huiusmodi</span> <span class='ocrx_word' id='word_1_253' title='bbox 425 2426 502 2467; x_wconf 83' lang='lat' dir='ltr'>officia</span> <span class='ocrx_word' id='word_1_254' title='bbox 518 2426 544 2466; x_wconf 87' lang='lat' dir='ltr'>in</span> <span class='ocrx_word' id='word_1_255' title='bbox 560 2425 641 2479; x_wconf 82' lang='lat' dir='ltr'>lingua</span> <span class='ocrx_word' id='word_1_256' title='bbox 657 2426 895 2479; x_wconf 78' lang='lat' dir='ltr'>graecacelebrandi,</span> <span class='ocrx_word' id='word_1_257' title='bbox 915 2440 925 2466; x_wconf 76' lang='grc'>6</span> <span class='ocrx_word' id='word_1_258' title='bbox 936 2426 982 2467; x_wconf 83' lang='grc'><strong>611-</strong></span> 
     </span>
     <span class='ocr_line' id='line_1_33' title="bbox 76 2497 979 2542; baseline -0.001 -1"><span class='ocrx_word' id='word_1_259' title='bbox 76 2512 103 2541; x_wconf 88' lang='lat' dir='ltr'>as</span> <span class='ocrx_word' id='word_1_260' title='bbox 126 2500 204 2540; x_wconf 91' lang='lat' dir='ltr'>tamen</span> <span class='ocrx_word' id='word_1_261' title='bbox 227 2497 295 2540; x_wconf 80' lang='lat' dir='ltr'>iuxta</span> <span class='ocrx_word' id='word_1_262' title='bbox 319 2499 391 2542; x_wconf 87' lang='lat' dir='ltr'>ritum</span> <span class='ocrx_word' id='word_1_263' title='bbox 416 2503 439 2541; x_wconf 90' lang='lat' dir='ltr'>et</span> <span class='ocrx_word' id='word_1_264' title='bbox 464 2499 638 2541; x_wconf 90' lang='lat' dir='ltr'>institutionem</span> <span class='ocrx_word' id='word_1_265' title='bbox 664 2499 753 2541; x_wconf 86' lang='lat' dir='ltr'>ordinis</span> <span class='ocrx_word' id='word_1_266' title='bbox 778 2500 979 2542; x_wconf 60' lang='lat' dir='ltr'>Praedicatcrum„</span> 
     </span>
     <span class='ocr_line' id='line_1_34' title="bbox 75 2572 979 2625; baseline 0 -11"><span class='ocrx_word' id='word_1_267' title='bbox 75 2573 142 2615; x_wconf 84' lang='lat' dir='ltr'>cuius</span> <span class='ocrx_word' id='word_1_268' title='bbox 159 2572 276 2624; x_wconf 74' lang='lat' dir='ltr'>professor</span> <span class='ocrx_word' id='word_1_269' title='bbox 292 2573 393 2625; x_wconf 86' lang='lat' dir='ltr'>exsistis,</span> <span class='ocrx_word' id='word_1_270' title='bbox 411 2573 476 2614; x_wconf 88' lang='lat' dir='ltr'>nulla</span> <span class='ocrx_word' id='word_1_271' title='bbox 493 2584 590 2625; x_wconf 86' lang='lat' dir='ltr'>prorsus</span> <span class='ocrx_word' id='word_1_272' title='bbox 606 2575 699 2615; x_wconf 87' lang='lat' dir='ltr'>mutata</span> <span class='ocrx_word' id='word_1_273' title='bbox 716 2574 833 2615; x_wconf 87' lang='lat' dir='ltr'>sententia</span> <span class='ocrx_word' id='word_1_274' title='bbox 850 2574 885 2615; x_wconf 85' lang='lat' dir='ltr'>rel</span> <span class='ocrx_word' id='word_1_275' title='bbox 903 2574 979 2614; x_wconf 89' lang='lat' dir='ltr'>forma</span> 
     </span>
     <span class='ocr_line' id='line_1_35' title="bbox 77 2641 979 2699; baseline 0 -11"><span class='ocrx_word' id='word_1_276' title='bbox 77 2649 196 2689; x_wconf 85' lang='lat' dir='ltr'>verborum</span> <span class='ocrx_word' id='word_1_277' title='bbox 207 2641 225 2687; x_wconf 67' lang='grc' dir='ltr'>»ζ</span> <span class='ocrx_word' id='word_1_278' title='bbox 246 2645 281 2685; x_wconf 80' lang='lat' dir='ltr'>nx</span> <span class='ocrx_word' id='word_1_279' title='bbox 300 2657 345 2698; x_wconf 89' lang='lat' dir='ltr'>qua</span> <span class='ocrx_word' id='word_1_280' title='bbox 363 2647 508 2689; x_wconf 62' lang='lat' dir='ltr'>coucemionc</span> <span class='ocrx_word' id='word_1_281' title='bbox 527 2649 605 2688; x_wconf 91' lang='lat' dir='ltr'>autem</span> <span class='ocrx_word' id='word_1_282' title='bbox 623 2646 718 2689; x_wconf 88' lang='lat' dir='ltr'>minime</span> <span class='ocrx_word' id='word_1_283' title='bbox 737 2647 842 2699; x_wconf 88' lang='lat' dir='ltr'>sequitur</span> <span class='ocrx_word' id='word_1_284' title='bbox 861 2647 979 2689; x_wconf 61' lang='lat' dir='ltr'>conclusit}</span> 
     </span>
     <span class='ocr_line' id='line_1_36' title="bbox 76 2718 980 2773; baseline -0.002 -11"><span class='ocrx_word' id='word_1_285' title='bbox 76 2721 191 2762; x_wconf 76' lang='lat' dir='ltr'>edltorum</span> <span class='ocrx_word' id='word_1_286' title='bbox 208 2718 303 2761; x_wconf 88' lang='lat' dir='ltr'>bullarii</span> <span class='ocrx_word' id='word_1_287' title='bbox 320 2720 403 2772; x_wconf 87' lang='lat' dir='ltr'>nostri,</span> <span class='ocrx_word' id='word_1_288' title='bbox 423 2732 474 2762; x_wconf 91' lang='lat' dir='ltr'>eum</span> <span class='ocrx_word' id='word_1_289' title='bbox 494 2732 582 2762; x_wconf 84' lang='lat' dir='ltr'>«sacra</span> <span class='ocrx_word' id='word_1_290' title='bbox 600 2732 681 2773; x_wconf 83' lang='lat' dir='ltr'>graece</span> <span class='ocrx_word' id='word_1_291' title='bbox 699 2723 791 2762; x_wconf 85' lang='lat' dir='ltr'>serrato</span> <span class='ocrx_word' id='word_1_292' title='bbox 809 2720 858 2761; x_wconf 87' lang='lat' dir='ltr'>ritu</span> <span class='ocrx_word' id='word_1_293' title='bbox 876 2722 980 2762; x_wconf 83' lang='lat' dir='ltr'>fratrum.</span> 
     </span>
     <span class='ocr_line' id='line_1_37' title="bbox 28 2783 559 2846; baseline -0.002 -11"><span class='ocrx_word' id='word_1_294' title='bbox 28 2783 30 2787; x_wconf 48' lang='lat'><em>⁷</em></span> <span class='ocrx_word' id='word_1_295' title='bbox 75 2793 265 2836; x_wconf 84' lang='lat' dir='ltr'>Praedicatorum</span> <span class='ocrx_word' id='word_1_296' title='bbox 276 2793 307 2832; x_wconf 76' lang='lat'>»⁸³</span> <span class='ocrx_word' id='word_1_297' title='bbox 320 2792 435 2834; x_wconf 87' lang='lat' dir='ltr'>celebrare</span> <span class='ocrx_word' id='word_1_298' title='bbox 448 2793 559 2846; x_wconf 87' lang='lat' dir='ltr'>potuisse.</span> 
     </span>
    </p>

    <p class='ocr_par' dir='ltr' id='par_1_9' title="bbox 74 2865 979 3148">
     <span class='ocr_line' id='line_1_38' title="bbox 130 2865 976 2921; baseline -0.004 -10"><span class='ocrx_word' id='word_1_299' title='bbox 130 2867 237 2911; x_wconf 88' lang='lat' dir='ltr'>Variatic</span> <span class='ocrx_word' id='word_1_300' title='bbox 253 2865 311 2919; x_wconf 78' lang='lat' dir='ltr'>cycli</span> <span class='ocrx_word' id='word_1_301' title='bbox 325 2866 430 2919; x_wconf 87' lang='lat' dir='ltr'>liturgici</span> <span class='ocrx_word' id='word_1_302' title='bbox 445 2867 534 2909; x_wconf 88' lang='lat' dir='ltr'>ordinis</span> <span class='ocrx_word' id='word_1_303' title='bbox 549 2867 575 2908; x_wconf 92' lang='lat' dir='ltr'>in</span> <span class='ocrx_word' id='word_1_304' title='bbox 590 2868 726 2909; x_wconf 83' lang='lat' dir='ltr'>kalendario</span> <span class='ocrx_word' id='word_1_305' title='bbox 742 2868 888 2921; x_wconf 87' lang='lat' dir='ltr'>exprimitur.</span> <span class='ocrx_word' id='word_1_306' title='bbox 906 2868 976 2910; x_wconf 84' lang='lat' dir='ltr'>Gene-</span> 
     </span>
     <span class='ocr_line' id='line_1_39' title="bbox 75 2940 979 2995; baseline -0.006 -11"><span class='ocrx_word' id='word_1_307' title='bbox 75 2943 145 2984; x_wconf 83' lang='lat' dir='ltr'>ratim</span> <span class='ocrx_word' id='word_1_308' title='bbox 162 2943 260 2983; x_wconf 87' lang='lat' dir='ltr'>durante</span> <span class='ocrx_word' id='word_1_309' title='bbox 276 2940 349 2981; x_wconf 88' lang='lat' dir='ltr'>medio</span> <span class='ocrx_word' id='word_1_310' title='bbox 365 2951 419 2981; x_wconf 87' lang='lat' dir='ltr'>aevo</span> <span class='ocrx_word' id='word_1_311' title='bbox 435 2940 539 2982; x_wconf 84' lang='lat' dir='ltr'>officium</span> <span class='ocrx_word' id='word_1_312' title='bbox 555 2942 583 2983; x_wconf 87' lang='lat' dir='ltr'>de</span> <span class='ocrx_word' id='word_1_313' title='bbox 598 2943 702 2994; x_wconf 87' lang='lat' dir='ltr'>tempore</span> <span class='ocrx_word' id='word_1_314' title='bbox 717 2942 879 2995; x_wconf 86' lang='lat' dir='ltr'>peragebatur,</span> <span class='ocrx_word' id='word_1_315' title='bbox 896 2940 979 2993; x_wconf 83' lang='lat' dir='ltr'>paucis</span> 
     </span>
     <span class='ocr_line' id='line_1_40' title="bbox 75 3014 976 3067; baseline -0.004 -9"><span class='ocrx_word' id='word_1_316' title='bbox 75 3016 240 3058; x_wconf 81' lang='lat' dir='ltr'>exsistentibus</span> <span class='ocrx_word' id='word_1_317' title='bbox 260 3014 326 3056; x_wconf 85' lang='lat' dir='ltr'>festis</span> <span class='ocrx_word' id='word_1_318' title='bbox 346 3014 471 3065; x_wconf 83' lang='lat' dir='ltr'>relpnrvo</span> <span class='ocrx_word' id='word_1_319' title='bbox 492 3016 566 3066; x_wconf 85' lang='lat' dir='ltr'>gradu</span> <span class='ocrx_word' id='word_1_320' title='bbox 586 3014 714 3067; x_wconf 85' lang='lat' dir='ltr'>insignitis.</span> <span class='ocrx_word' id='word_1_321' title='bbox 736 3014 879 3057; x_wconf 86' lang='lat' dir='ltr'>Kalendaria</span> <span class='ocrx_word' id='word_1_322' title='bbox 898 3025 976 3055; x_wconf 88' lang='lat' dir='ltr'>saecu-</span> 
     </span>
     <span class='ocr_line' id='line_1_41' title="bbox 74 3087 977 3148; baseline -0.004 -16"><span class='ocrx_word' id='word_1_323' title='bbox 74 3090 270 3132; x_wconf 67' lang='grc'>1611111116111614</span> <span class='ocrx_word' id='word_1_324' title='bbox 281 3090 375 3131; x_wconf 87' lang='lat' dir='ltr'>exarata</span> <span class='ocrx_word' id='word_1_325' title='bbox 386 3099 437 3129; x_wconf 89' lang='lat' dir='ltr'>cum</span> <span class='ocrx_word' id='word_1_326' title='bbox 447 3087 583 3134; x_wconf 75' lang='lat' dir='ltr'>kalendario</span> <span class='ocrx_word' id='word_1_327' title='bbox 594 3088 651 3129; x_wconf 86' lang='lat' dir='ltr'>anni</span> <span class='ocrx_word' id='word_1_328' title='bbox 661 3088 737 3130; x_wconf 65' lang='grc'><strong>150015</strong></span> <span class='ocrx_word' id='word_1_329' title='bbox 749 3089 807 3148; x_wconf 87' lang='lat' dir='ltr'>satis</span> <span class='ocrx_word' id='word_1_330' title='bbox 818 3087 977 3129; x_wconf 64' lang='lat' dir='ltr'>consentiunt,</span> 
     </span>
    </p>
   </div>
   <div class='ocr_carea' id='block_1_5' title="bbox 0 0 1056 3187">
    <p class='ocr_par' dir='ltr' id='par_1_10' title="bbox 0 0 1056 3187">
     <span class='ocr_line' id='line_1_42' title="bbox 0 0 1056 3187; baseline 0 1"><span class='ocrx_word' id='word_1_331' title='bbox 0 0 1056 3187; x_wconf 95' lang='lat' dir='ltr'> </span> 
     </span>
    </p>
   </div>
  </div>
 </body>
</html>
