2188 3178
87 87 114 128 68
429 89 521 123 1100111110
535 91 633 130 generalis

143 214 336 265 1010001100110,
352 214 511 257 observantiae
525 216 641 269 01110100,
656 217 754 260 eximius
767 219 884 270 professor
898 208 990 263 011426

88 301 170 343 regens
181 288 340 342 Bononiensis,
355 290 483 332 virtutibus
494 292 517 331 et
530 291 554 331 10
567 292 635 334 rebus
648 292 795 346 expediendis
809 294 922 335 excellens
934 296 989 338 1451

89 364 199 418 magister
213 363 326 416 generalis
340 364 427 406 electus
442 367 483 417 001,
500 366 559 417 quod
575 366 678 408 officinm
692 379 733 420 per
747 369 773 410 25
789 367 945 410 (1001000119.

144 440 243 482 11κο11111
258 441 315 481 1000
330 441 441 493 temporis
457 443 594 493 procurator
610 444 725 495 generalis
741 446 769 486 ab
786 456 846 486 anno
863 443 916 485 1449
934 444 989 486 Gui-

89 516 118 557 do
139 514 294 556 Flamochetti
314 527 326 556 0
347 515 466 568 provincia
487 515 608 567 Franciae,
631 510 672 569 qui
692 530 744 559 cunr
761 515 885 570 'magistro‘
897 518 986 559 Rochin

88 589 184 631 Romam
196 589 230 630 ire
243 589 330 631 debuit.
345 591 402 631 Post
414 589 480 632 cuius
493 592 590 631 mortem
603 591 666 633 solus
679 604 705 633 00
718 594 836 644 proiectus
850 605 864 634 a
877 593 941 644 Papa
954 591 989 633 10-

88 662 145 706 vitis
159 662 279 715 Hispanis,
296 659 379 716 quibus
394 667 420 705 01
435 663 527 706 videtur
541 663 578 708 ius
594 664 722 709 vicariatus
737 666 779 709 illa
796 651 914 710 occasione
929 678 989 707 com-

88 739 189 791 petebat,
204 738 304 780 vicarius
318 738 406 780 ordinis
420 738 563 781 constitutus
577 741 600 780 et
614 740 639 780 in
653 740 764 783 electione
778 742 877 794 capituli
890 742 988 783 Romani

88 813 143 854 1451
156 812 267 865 magister
279 812 392 865 generalis
405 813 483 854 100100
497 815 539 854 est.
554 813 612 855 Fuit
625 814 726 867 primum
740 815 869 869 capitulum
884 815 989 869 generale

88 887 190 928 fratrum
204 886 402 939 Praedicatorum,
419 888 479 939 quod
493 886 518 927 in
533 887 628 929 civitate
644 888 667 930 S.
685 888 750 930 Petri
765 891 822 932 tunc
837 889 990 943 000100111-

88 961 241 1003 00010010000
256 963 327 1013 recta,
343 962 472 1010 00100001
487 963 511 1002 01
525 972 577 1003 rere
592 961 740 1004 celebratum.
758 965 820 1005 Dum
836 965 989 1021 Observantes

89 1034 117 1077 de
130 1035 175 1077 tali
187 1035 237 1076 viro
250 1034 324 1076 010010
336 1035 492 1087 laetabantur,
508 1034 582 1076 omnis
597 1036 653 1077 ordo
667 1035 716 1078 eius
731 1037 820 1079 obitum
834 1041 887 1090 post
901 1050 989 1079 menses

89 1107 190 1161 quinque
201 1108 320 1161 regiminis
332 1109 468 1162 deploravit.

144 1182 280 1225 Vicariatus
295 1184 384 1225 ordinis
400 1183 538 1236 provinciali
553 1186 656 1226 Romano
673 1185 779 1238 contigit,
798 1186 837 1237 001
854 1198 896 1239 per
910 1190 990 1238 patres

89 1258 204 1299 Nannetis
221 1259 372 1311 congregatos
390 1258 420 1299 ad
438 1258 597 1310 magisterium
616 1271 662 1300 000
682 1259 783 1302 10100100
803 1261 846 1312 001,
867 1260 920 1311 0010
940 1259 990 1302 0100

89 1332 173 1374 merita
189 1331 214 1373 in
230 1319 294 1373 terra
310 1334 359 1374 tam
376 1332 475 1374 distanti
492 1344 538 1374 non
555 1332 713 1386 innotuerant,
733 1336 760 1377 ut
777 1334 896 1376 chronista
913 1322 989 1376 Italus

88 1409 163 1448 notat.
181 1407 242 1447 Vota
257 1406 389 1448 Martialem
405 1406 520 1448 Auribelli
539 1407 768 1467 (irrestarrcssra
787 1407 917 1460 signarunt.
936 1408 990 1449 Stu-

86 1470 135 1522 diis
140 1480 245 1533 eximius,
255 1479 365 1532 prudenti
374 1480 578 1522 administratione
586 1484 636 1523 turn
645 1466 793 1523 conventuali
802 1484 853 1523 tum
861 1480 989 1534 provincia-

89 1566 140 1596 rum
157 1554 292 1596 Provinciae
309 1557 332 1596 et
348 1554 461 1595 Franciae
477 1555 677 1596 commendatns¹⁰.
696 1555 807 1597 Forsitan
824 1555 878 1607 quia
896 1555 990 1608 permit·

89 1631 138 1670 tere
148 1627 232 1682 noluit,
244 1630 271 1669 01
281 1627 360 1681 aliqua
370 1627 518 1680 congregatio
529 1628 618 1670 ordinis
629 1628 751 1680 specialem
763 1628 874 1670 ditionem
886 1629 944 1670 satis
955 1627 990 1669 in-

90 1691 259 1754 dependentem
269 1714 283 1743 a
297 1713 362 1743 ramo
376 1687 464 1743 ordinis
479 1703 599 1751 formaret,
616 1703 676 1754 quod
692 1702 791 1744 Thomas
807 1702 834 1743 de
848 1703 922 1744 Leuce
937 1714 988 1744 cum

39 1810 41 1814 ,
90 1776 139 1817 0010
151 1775 287 1817 lombardis
298 1788 312 1817 a
325 1776 418 1818 Summo·
431 1776 544 1817 Pontifice
555 1775 729 1829 impetraverat,
743 1775 802 1818 Pius
813 1777 840 1817 Π
853 1774 989 1827 magistrum

90 1849 205 1891 Auribelli
221 1834 355 1901 deposuitss.
374 1850 448 1901 Senis,
466 1849 506 1890 ubi
522 1849 639 1891 Martialis
657 1849 772 1891 Auribelli
788 1848 819 1890 ad
836 1847 989 1890 obedientiam
1013 1891 1019 1906 ⁸

89 1924 168 1975 Papae
182 1922 317 1975 resignavit,
334 1934 410 1964 mense
426 1924 524 1975 augusto
540 1923 595 1964 1462
611 1923 731 1965 Oonrudus
747 1923 854 1964 Astensis
871 1934 882 1963 0
898 1934 990 1975 congre-

89 1997 182 2050 gatione
192 1997 372 2038 lombardorum
382 1997 413 2038 ad
422 1995 581 2049 magisterium
592 1997 697 2049 generale
708 1996 840 2038 evehiturffl.
853 1996 906 2037 Zelo
916 1995 990 2038 multo

89 2073 113 2113 et
126 2070 207 2113 mediis
220 2070 322 2113 fortibus
335 2072 403 2111 utens
417 2069 454 2112 hic
467 2069 511 2111 tali
524 2070 591 2111 inodo
605 2070 629 2110 in
644 2069 745 2111 triennio
758 2069 797 2111 sni
810 2069 916 2122 gubernii
930 2069 990 2111 ordi-

90 2156 141 2186 nem
154 2144 221 2196 rexit‚
235 2146 262 2186 01
274 2143 393 2185 Martialis
403 2155 464 2185 0000
476 2144 531 2185 1415
543 2144 655 2186 reelectus
668 2144 695 2185 10
707 2144 785 2185 tracta
797 2142 885 2184 ordinis
898 2154 954 2196 pace
965 2145 989 2184 01

90 2217 200 2259 extinctis
214 2217 310 2269 legibus,
326 2217 426 2270 repulsis
439 2219 533 2269 patrum
548 2216 659 2269 consiliis,
676 2218 704 2258 de
718 2216 860 2257 incremento
874 2218 989 2258 sectarum

90 2291 242 2344 internarum,
260 2291 288 2332 dc
304 2290 471 2333 substitutione
487 2290 607 2332 meliorum
624 2289 802 2342 provincialium
819 2296 860 2341 per
876 2289 991 2332 violentas

90 2364 213 2406 electiones
228 2365 337 2406 nuntium
355 2364 472 2406 dederitffi.
491 2364 612 2406 Corradus
630 2363 721 2416 quidem
739 2366 817 2404 sancte
834 2363 859 2404 10
876 2367 989 2406 conventu

23 2471 25 2473 .
91 2439 185 2480 astensi
197 2439 257 2480 diem
269 2438 377 2488 ultimum
389 2438 443 2480 1411
456 2437 541 2480 0111114,
556 2437 649 2479 Iuliano
662 2436 740 2489 Naldi,
755 2436 869 2489 00100101
881 2448 990 2490 procura-

91 2514 129 2552 tor
139 2511 252 2563 generalis
262 2511 398 2553 Lombardis
408 2512 509 2563 favebat,
522 2523 597 2563 paena
608 2496 760 2563 gravissimae
768 2511 849 2562 culpae
861 2524 874 2552 a
886 2510 992 2563 capitulo

90 2585 193 2638 generali
206 2587 308 2628 Romano
323 2585 379 2627 0001
393 2585 447 2626 1468
460 2585 554 2626 inflicta
569 2587 611 2625 001.
628 2583 681 2624 11101
695 2584 737 2625 hoc
751 2585 879 2637 capitulum
894 2583 991 2636 acepha-

92 2659 140 2700 lum
154 2661 248 2710 propter
262 2659 391 2718 absentiam
406 2658 512 2711 magistri
528 2657 617 2699 ordinis
633 2655 712 2710 inerit,
729 2658 806 2700 tamen
821 2669 896 2711 paena
911 2656 936 2698 10
952 2657 991 2698 10-

91 2732 180 2774 liauum
193 2744 234 2783 per
246 2733 351 2785 regulare
365 2732 494 2784 capitulum
508 2731 615 2784 generale
629 2730 786 2773 Avenionense
800 2732 857 2772 0001
870 2731 924 2772 1471
938 2742 991 2782 pro-

91 2808 187 2848 natura
206 2805 262 2847 (ium
278 2803 653 2861 00010110011001101100100110111
669 2805 855 2847 canonizationes
871 2803 990 2846 Vincentii

89 2879 195 2922 rameru
207 2882 230 2920 01
242 2879 382 2920 Gatharinae
396 2877 522 2922 8000001017
536 2879 559 2919 01
571 2889 693 2930 processus
705 2877 901 2921 rehabilitationis
914 2879 992 2919 tamne

90 2955 193 2996 Ioannae
208 2951 305 3003 virginis
320 2951 605 2993 110100100011000001018
621 2954 798 2994 connectuntur.
816 2950 895 2992 Etiam
911 2952 990 3010 studia
1052 2984 1053 2987 ,

90 3025 264 3069 reformationis
279 3025 304 3066 in
318 3025 424 3078 pluribus
439 3024 571 3077 regionibus
587 3025 675 3068 ordinis
690 3028 732 3068 sub
748 3025 860 3077 magistro
875 3025 991 3068 Auribelli
