2188 3178
75 104 118 144 ,240
391 104 478 139 Societas
494 105 666 145 Peregrinantium

78 232 158 271 rantes
176 234 353 283 supponuntur.⁴
368 231 469 274 Similem
489 233 690 285 congregationem
704 234 860 275 ,Franciscani
879 237 982 288 tempore
1019 235 1020 238 ’

77 306 166 348 Urbani
182 305 216 346 VI
232 305 379 347 inchoarunt.
429 319 431 321 ·
619 296 620 299 ¹
861 315 863 318 '

105 410 107 416 ¹
134 382 171 421 Ex¹
182 382 272 422 statuto
286 381 393 442 magistri
407 382 680 434 Berengariiinnotescit
695 389 778 441 munus
792 386 874 427 vicarii
887 400 982 441 genera-

78 453 114 502 lis,
129 453 167 505 qui
178 465 192 495 a
203 454 322 497 vocalibus
332 457 485 498 conventuum
496 456 583 498 electus
596 469 665 511 super
675 462 754 511 piantes·
766 472 821 501 suae
833 460 931 504 ditionis
942 463 981 504 ha-

78 528 126 578 bito
136 528 233 570 consilio
243 529 395 571 discretorum
404 530 614 573 fratrum‘vicarios
623 545 693 585 super
703 533 805 576 diversas
814 534 918 588 regiones
929 541 982 578 oon·
1015 535 1016 538 ’

78 601 176 644 stituere
186 605 271 654 potest.
280 604 397 646 Societati
408 604 509 645 facultas
521 605 548 645 iit
559 605 686 658 reeipiendi
698 607 798 649 aliarum
808 608 980 660 provinciarum

77 675 180 727 exeeptis
196 677 307 719 Graeciae
322 681 345 719 et
362 679 444 719 Terrae
459 681 554 732 sanctae
571 679 632 721 filios
647 683 670 736 et
686 682 756 722 etiam
772 663 874 725 novitios
889 682 981 727 nativos
1028 679 1029 684 ¹

68 738 202 803 terrarum,
217 752 248 792 ub
261 751 313 809 ipsa
326 738 475 804 propagatur.
492 753 511 793 Il
526 752 622 794 novitiis
635 757 713 796 autem
728 767 769 807 pro
785 756 869 799 studiis
883 757 979 813 artium,

76 824 244 879 philosophiae,
259 827 387 879 theologiae
400 827 423 868 in
440 826 580 869 occidentem
594 840 665 869 unum
679 831 715 871 vel
730 832 786 873 riuos
800 832 901 886 mittent,
916 845 980 885 prae-

77 899 145 951 cipue
159 899 185 940 in
200 901 330 952 provincias
345 900 488 953 Provinciae,
505 901 656 943 Lombardiae
672 904 806 958 superioris,
825 904 927 947 Tusoiae.
946 906 982 948 Ob

78 960 251 1016 distinctionem
268 975 369 1016 muneris
387 974 527 1016 missionarii
545 976 732 1029 Peregrtnantes,
751 979 771 1018 si
788 979 813 1018 in
830 979 982 1021 conventibus

78 1050 146 1089 extra
164 1060 228 1089 suam
247 1048 379 1090 societatem
398 1048 535 1108 exsistentes
554 1061 641 1094 moram
660 1050 766 1103 trahunt,
787 1053 848 1095 locos
867 1053 891 1094 in
911 1054 982 1096 choro
1038 1103 1040 1106 .

77 1126 101 1164 et
117 1123 239 1164 refectorio
256 1127 309 1174 post
325 1122 424 1175 priorem
442 1123 548 1164 habeant.
568 1124 660 1165 Primus
677 1125 778 1166 vicarius
796 1128 980 1181 Peregrinatium

77 1273 196 1325 apostolus
208 1272 305 1315 orientis
317 1272 390 1315 evasit
402 1272 726 1337 afflfflfflmfflgatrrs
737 1277 761 1316 et
772 1275 869 1317 nuntius
882 1278 980 1317 eftectus

76 1351 100 1389 et
111 1349 252 1391 auctoritate
263 1347 463 1402 magna'munitus
475 1350 511 1390 est
522 1361 564 1400 pro
576 1359 669 1390 munere
678 1350 745 1390 uva-lu
757 1351 877 1391 fructuoso
890 1352 981 1402 expleu-

77 1415 288 1465 do..Residentiam
304 1422 396 1480 Gaphae
411 1422 471 1474 fixit,
488 1434 545 1474 quae
560 1422 644 1464 civitas
658 1410 690 1463 ad
703 1422 825 1475 imperium
841 1424 980 1465 'tatarorum

77 1496 216 1549 pertinebat.
231 1496 321 1549 Lingua
335 1497 473 1537 Tatarorum
487 1497 554 1548 plene
568 1497 685 1537 utebatur.
701 1497 736 1537 De
750 1497 893 1538 successibus
907 1497 981 1539 Frau-

77 1571 152 1623 conis
159 1571 253 1613 edoctus
273 1572 371 1612 Ioannes
389 1570 451 1611 XXII
469 1581 521 1610 eum
539 1568 737 1622 arehiepiscopum
757 1571 927 1612 Sultaniensem
946 1582 983 1612 re-

75 1645 194 1687 nuntiarit
202 1645 346 1686 nominando
358 1656 398 1686 sex
409 1631 571 1696 suffraganeos
583 1656 610 1686 ex
622 1644 671 1686 eius
683 1645 752 1687 sociis
763 1658 843 1698 nempe
856 1647 980 1688 Gora-idum

7 1743 8 1746 =
75 1710 217 1771 (tarsensem,
228 1719 377 1761 Guillelmum
386 1719 458 1771 Adae,
470 1718 672 1761 Bartholomaeum
682 1722 710 1762 de
719 1719 799 1771 Podi0,
810 1718 980 1762 Beirmrdinum

78 1796 106 1837 de
121 1794 249 1847 Placentia,
266 1795 411 1836 Bernardum
427 1794 518 1847 Mureti,
535 1793 740 1835 Bartholomaeum
756 1794 868 1835 Abaliati.
886 1794 982 1835 Archio-

77 1871 141 1923 pisco
163 1869 307 1912 Sultaniensi
328 1881 384 1910 cura
405 1868 599 1910 distribendorum
622 1868 799 1910 arixiliariorum
821 1868 980 1920 episcoporum

77 1944 258 1997 relinquebatur.
278 1943 416 1985 Guillelmus
434 1944 497 1984 Adae
514 1943 631 1985 Avenione
649 1945 797 1983 consecratus
815 1942 845 1982 ad
858 1953 982 1983 consecra-¹

77 2019 132 2060 dum
148 2018 291 2059 Franconem
308 2016 439 2058 destinatus
457 2019 498 2057 est.
518 2016 643 2058 Excitante
659 2016 738 2057 eodem
756 2016 849 2057 Summo
867 2016 982 2056 Pontifice

77 2080 181 2133 ordinem
194 2091 282 2133 litteris
295 2092 325 2133 ad
339 2091 467 2143 capritulum
481 2090 586 2142 generale
601 2090 740 2131 Tolosanum
754 2089 809 2130 1328
824 2088 919 2130 directis
933 2101 980 2130 ma-

77 2166 149 2218 gister
163 2166 276 2218 generalis
290 2153 472 2217 provincialibus
486 2164 609 2214 commisit,
625 2163 685 2215 quod
701 2176 711 2202 s
722 2163 809 2203 iratres
824 2163 851 2203 de
865 2163 913 2205 suis
928 2174 981 2214 pro-

77 2239 167 2291 vinciis,
186 2251 242 2291 quos
258 2240 288 2281 ad
305 2240 346 2280 hoc
363 2238 491 2290 repererint
508 2237 660 2289 rolrmtarios,
679 2248 725 2277 non
742 2235 811 2277 nimis
827 2235 921 2279 iuvenes
938 2247 981 2277 nec

77 2314 146 2354 nimis
158 2314 274 2366 antiquos,
288 2315 344 2354 bene
354 2307 488 2367 'religiosos
498 2312 610 2352 discretos
623 2313 647 2351 et
659 2308 802 2351 sufficienter
814 2308 932 2352 litteratos
945 2322 982 2354 so·-

77 2388 157 2428 cietati
172 2388 373 2440 Peregriuantium
389 2389 483 2440 propter
499 2385 640 2427 Christum»
657 2382 811 2436 assignarent.
828 2383 930 2437 Dignum
946 2395 982 2424 re-

77 2472 186 2513 sponsum
203 2462 292 2503 ordinis
308 2462 421 2514 plurimos
438 2462 525 2501 iratres
541 2456 686 2500 voluntarios
704 2456 832 2498 exhibentis
849 2459 872 2498 et
890 2468 979 2498 summa

77 2536 207 2577 satisfactio
222 2537 300 2588 Papae
313 2548 365 2577 cum
379 2535 498 2578 favoribus
514 2534 677 2576 ecclesiasticis
692 2533 841 2577 notabantur.

133 2609 180 2650 Nec
194 2608 230 2650 his
245 2609 303 2651 satis
317 2611 375 2661 erat,
392 2610 431 2650 sed
447 2608 639 2649 Bartholomaeus
654 2597 814 2662 Bononiensis,
831 2609 909 2650 dictus
924 2611 979 2650 Par·

79 2694 127 2735 rus,
142 2682 167 2723 in
181 2682 291 2724 Armenia
304 2682 478 2735 praedicatione
492 2684 515 2721 et
530 2680 664 2733 episcopatu
679 2682 850 2725 celeberrimam
865 2683 979 2724 actionem

78 2743 257 2797 ecclesiasticam
271 2755 420 2798 instauravit.
437 2756 466 2796 In
480 2757 593 2796 conuentu
609 2755 811 2798 Ohernensiinter
825 2757 911 2797 iratres
926 2766 982 2797 suos

78 2833 131 2883 post
145 2830 229 2870 merita
240 2831 342 2871 inanima
356 2823 453 2871 collecta
466 2829 520 2870 1333
529 2828 599 2870 obiit.

133 2905 169 2945 Ex
182 2903 315 2952 calamitate
328 2903 401 2956 pestis
414 2902 476 2943 actio
489 2905 512 2944 et
526 2914 634 2944 uunrerus
648 2904 851 2958 Peregrinantium
865 2904 900 2944 ita
914 2903 979 2944 dimi-

76 2980 217 3029 nuebantur,
235 2979 262 3018 ut
277 2977 380 3029 capitulo
396 2976 498 3029 generali
513 2977 567 3018 1363
584 2978 735 3030 Magdeburgi
752 2977 866 3018 celebrato
884 2988 982 3019 conver--

53 3078 54 3081 =
75 3055 114 3094 tus
124 3054 147 3094 et
157 3050 298 3092 monasteria
308 3051 387 3102 Perae,
400 3050 498 3102 Oaphae‚
510 3050 706 3092 Trebisundarum
717 3063 768 3092 cum
779 3049 898 3102 provincia
909 3052 981 3093 Grae-
