2188 3178
103 68 134 121 tw
248 59 249 62 '
452 69 546 109 Eviolutio
560 69 658 109 generalis

108 195 226 257 illamam,
239 195 321 240 notari
334 196 421 248 potuit,
438 195 644 238 animadvertebat.
661 199 694 238 At
709 197 763 238 haec
778 197 858 249 tactio,
875 199 913 239 cui
929 202 1011 242 Gerar-

108 269 153 322 dus
163 271 195 312 ¹de
208 270 329 321 Fraoheto,
345 271 446 311 'ihomas
460 270 668 322 Oantimpratanus
683 271 768 323 aliique
783 272 910 325 favebanti',
927 274 1009 325 pietati

108 344 239 394 monachali
253 342 335 395 potius
350 356 422 396 uuam
440 343 571 388 studiorum
589 356 654 386 sacro
673 345 747 386 cultui
765 346 866 397 addicta,
885 357 1011 400 numquam

108 419 139 466 ad
148 417 321 469 separationem
336 431 346 457 s
357 417 517 470 spiritualium
528 432 539 457 a
554 417 614 459 sicut
626 420 691 470 apud
704 419 813 470 Minores,
827 419 861 466 vel
875 419 1010 463 divisionem

109 491 198 539 ordinis
216 491 321 534 transiit.
343 492 497 544 Corrigendae
516 493 540 533 et
559 491 718 543 reprimendae
737 493 792 535 huic
811 493 873 546 parti
892 495 1011 537 contentio

107 564 247 614 Rarisiensis
263 565 429 615 universitatis
445 566 506 607 haud
522 565 675 607 inefficaciter
689 566 843 620 adlaboravit,
859 566 921 609 sicut
936 570 960 609 et
974 580 1011 610 ra-

107 639 141 684 do
157 626 291 681 'studiorum
308 651 367 681 anno
386 640 440 681 1259
458 640 521 691 apud
538 640 683 682 Valcncenas
700 641 764 681 data⁷
783 653 831 683 rem
848 641 1009 684 scholasticam

108 712 199 760 inclusa
212 713 357 766 philosophia
370 715 428 756 bene
441 713 563 765 disposuit.

164 787 274 837 Internae
290 799 376 839 quoque
393 788 483 829 ordinis
497 800 535 829 res
551 781 591 839 per
606 787 744 840 magistr-um
761 790 916 831 Humbe'rtum
932 791 1011 831 adven

107 873 148 902 sus
163 860 236 905 virum
251 861 347 912 optimis
358 861 532 904 intentionibus
547 861 679 914 praeditum
694 863 717 903 et
732 865 869 917 permotum,
887 863 927 916 qui
942 865 1010 916 Hugo

107 935 135 976 de
146 936 170 978 S.
179 924 240 977 Uaro
250 935 379 977 cardinalis
388 936 488 988 exstitit,
500 936 600 977 tuendae
610 938 685 977 erant.
698 937 750 987 Ipse
761 936 799 978 die
810 939 822 979 3
832 937 946 979 februarii
956 938 1010 980 1255

107 1011 138 1051 ad
155 989 263 1050 humilem
280 1012 304 1050 et
320 1009 448 1062 supplicem
464 1010 601 1053 instantiam
618 1010 750 1051 Alexandro
769 1012 804 1052 iv
820 1015 958 1065 porrectam,
976 1014 1011 1054 ia-

107 1084 219 1129 cultatem
233 1084 329 1136 recepit,
343 1086 369 1126 ut
384 1085 412 1126 de
425 1084 521 1126 consilio
535 1084 642 1137 magistri
656 1087 680 1135 et
694 1084 846 1126 discretorum
859 1086 961 1127 fratrum
975 1098 1010 1128 or-

107 1158 171 1200 dinis
187 1159 298 1211 regulam,
315 1159 493 1201 constitutiones
511 1161 535 1200 et
551 1158 728 1208 consuetudines
744 1159 846 1200 fratrum
863 1159 1011 1202 Praedicato-
1045 1208 1048 1216 ¹

107 1244 160 1282 rum
174 1246 185 1272 u
196 1232 320 1285 diligenter
331 1233 445 1285 inspicere
457 1245 483 1275 ac
496 1245 525 1274 ex
538 1232 586 1274 illis
599 1244 657 1286 quae
671 1233 762 1285 potiora
775 1236 799 1274 et
813 1232 909 1274 utiliora
922 1232 1010 1276 fuerint

108 1306 214 1359 eligere»
231 1307 309 1348 valeat
326 1320 337 1347 «
347 1310 370 1348 et
387 1307 413 1347 in
429 1319 498 1348 unam
516 1307 738 1363 regulam-redigere
755 1307 804 1348 sive
821 1308 848 1348 de
865 1307 923 1360 ipsis
941 1308 1011 1349 aliter
1050 1291 1051 1296 ¹

107 1380 216 1421 ordinare
225 1382 255 1421 »⁸.
860 1383 861 1386 ’

111 1454 113 1457 ’
163 1456 201 1497 Ad
217 1454 353 1496 huiusmodi
375 1455 463 1496 bullam
484 1467 511 1496 ac
533 1454 701 1502 concessionem
722 1454 866 1507 pontificiam
888 1454 1007 1497 silentium

107 1540 161 1578 mox
175 1530 263 1575 lactum
278 1532 320 1582 est,
335 1529 369 1570 ita
385 1532 412 1570 ut
426 1531 453 1571 de
466 1529 511 1570 tali
525 1529 604 1581 regula
617 1528 741 1571 formanda
755 1540 829 1570 sermo
844 1541 890 1569 non
905 1529 1008 1571 redierit.

107 1602 194 1653 Nullus
205 1605 268 1648 certe
280 1605 428 1644 conservator
440 1602 500 1644 iuris
511 1602 601 1655 proprii
610 1605 637 1643 et
650 1602 826 1654 independentis
839 1603 929 1644 ordinis
943 1604 1011 1644 Prae-

108 1676 238 1727 dicatorum
258 1676 305 1717 nisi
324 1676 434 1729 magister
453 1677 596 1718 Humbertus
615 1678 774 1729 agnoscendus
793 1678 851 1717 erat.
874 1675 1010 1718 Intercessit

108 1750 152 1799 bac
167 1750 241 1801 prima
257 1750 306 1791 vice
321 1751 409 1792 iactum
426 1750 525 1792 alicuius
541 1750 692 1791 innnixtionis
706 1749 870 1791 cardinalitiae
887 1750 912 1790 in
929 1761 1011 1791 causas

109 1824 206 1876 ordinis,
228 1826 300 1876 prout
321 1824 462 1876 temporibus
484 1824 632 1876 sequentibus
654 1824 772 1864 interdum
794 1826 919 1875 repetetur.
943 1825 1009 1873 (prod

108 1898 178 1951 lingo
198 1898 352 1947 facirltatibus
373 1898 567 1939 extraordinariis
588 1898 667 1938 nitens
687 1897 804 1938 inculcare
824 1898 963 1947 tentaverat,
985 1897 1009 1938 id

108 1971 219 2024 magister
233 1972 377 2013 Humbertus
393 1962 440 2024 per
449 1973 541 2013 modum
557 1971 723 2013 obsecrationis
737 1970 852 2012 iratribus
865 1972 1010 2011 commenda-

108 2046 151 2091 vit,
166 2046 192 2086 ut
206 2057 287 2097 nempe
300 2045 446 2098 regularibus
461 2046 565 2086 moribus
577 2045 692 2086 excellant
707 2046 729 2086 et
745 2044 879 2095 «studium,
896 2055 937 2095 per
951 2046 1010 2096 quod

108 2120 170 2160 sicut
186 2131 269 2171 corpus
286 2130 326 2171 per
342 2119 445 2160 animam
460 2122 527 2161 totus
542 2119 605 2170 vigor
622 2118 712 2159 ordinis
728 2117 844 2168 consistit,
862 2118 942 2159 colant
952 2120 980 2158 nl.

161 2193 265 2234 v‘obtenta
283 2193 319 2234 die
334 2194 361 2235 28
379 2194 459 2234 martii
475 2194 530 2233 raet
548 2205 588 2244 pro
606 2192 687 2234 ordine
701 2188 895 2233 ¹Praedicatorum
913 2192 941 2233 ab
958 2192 1011 2233 Ale-

108 2268 198 2312 xandro
208 2269 242 2310 IV
253 2267 297 2309 illa
308 2268 372 2308 bulla
385 2267 502 2308 «Virtute
514 2267 650 2318 conspicuos
662 2279 681 2318 a,
695 2277 752 2317 quae
765 2276 828 2305 mare
839 2276 947 2317 magnum
958 2265 973 2307 i.
988 2277 1008 2307 e.

108 2341 210 2393 diploma
221 2340 346 2393 privilegia
358 2340 488 2393 privilegiis
504 2341 626 2382 cumulans
641 2338 732 2388 exstitit
748 2350 837 2390 quaque
851 2338 970 2380 libertates
986 2343 1010 2381 et

108 2415 199 2456 favores
215 2414 331 2466 pontificii
347 2414 464 2456 iratribus
480 2414 686 2455 Praedicatoribus
703 2412 764 2454 sicut
782 2414 805 2453 et
821 2424 900 2454 eorum
917 2424 1010 2474 consue-

109 2489 201 2534 tudines
212 2490 371 2541 :prolsarrtur¹⁰,
387 2488 498 2540 magister
512 2488 658 2530 Humbertus
673 2488 699 2544 (³5
713 2487 775 2537 intr)
791 2486 814 2526 in
828 2487 932 2539 capitulo
946 2498 1011 2539 gene-

109 2562 155 2608 rali
165 2562 309 2611 v,londinensi
323 2574 384 2603 anno
399 2563 452 2603 1263
467 2562 591 2603 cessionem
607 2559 709 2601 muneris
724 2560 794 2611 petiit
809 2563 831 2601 et
845 2559 1009 2612 impetravitfl.

109 2638 139 2687 in
153 2636 237 2687 maiore
248 2636 300 2686 otio
314 2636 397 2677 exinde
410 2635 586 2677 commentarios
601 2646 656 2676 suos
671 2634 793 2686 denegata
807 2635 829 2677 S.
845 2632 973 2686 Augustini
987 2635 1011 2674 et

109 2709 316 2752 constitutionibus
336 2712 439 2751 fratrum
459 2708 659 2750 Praedicatorum,
672 2709 695 2748 et
711 2707 845 2749 homiletica
866 2707 942 2748 multa
961 2705 1011 2759 ipse

108 2783 282 2835 consignavitffl,
294 2783 377 2835 quibus
386 2783 490 2824 ordinem
500 2781 593 2824 interna
602 2780 626 2821 vi
635 2780 749 2822 instruere
760 2794 806 2822 mm
816 2783 898 2823 cessat.
912 2780 937 2821 Si
948 2794 958 2819 r
968 2792 1011 2832 pro

107 2859 184 2899 tratre
198 2858 325 2908 vaberto
339 2857 454 2909 quondam
469 2855 582 2908 magistro
597 2854 686 2896 ordinis
700 2858 722 2896 et
736 2867 780 2908 pro
795 2854 910 2896 fratribus
925 2853 963 2905 qui
977 2864 1011 2895 se-

107 2944 161 2973 cum
173 2913 340 2980 laboraverunt
354 2930 381 2970 in
398 2929 481 2971 officiis
495 2928 586 2970 ‘ordinis
602 2931 626 2969 et
642 2940 683 2980 pro
699 2928 854 2970 attinentibus
871 2927 917 2968 sibi
933 2939 1011 2975 secun.-

107 3009 164 3051 dum
176 3015 272 3046 rcarnem
289 3003 385 3055 quilibet
402 3003 508 3045 sacerdos
525 3004 538 3042 1
554 3002 647 3045 missam
659 3005 689 3043 »Μ
706 3003 774 3045 iuxta
790 2990 935 3042 voluntatem
949 3001 1011 3054 capi-
