2101 3187
348 31 441 67 lrlvolutio
457 31 604 71 provinciarum
889 34 927 72 24}

23 156 73 204 ciae
83 155 222 209 coniungere
231 158 287 199 bene
297 158 371 200 visum
382 157 420 199 sit.
433 159 465 199 At
475 157 618 199 missionarii
628 157 740 210 intrepidi
750 171 764 200 a
775 158 886 211 Gregorio
897 160 928 200 XI

24 230 112 272 bullam
124 230 290 283 sollicitarunt,
304 232 326 272 vi
338 231 404 273 cuius
416 231 527 284 rrragistro
540 232 642 285 generali
654 231 721 273 Eliae
732 232 853 284 Raymond
865 244 930 273 nran-

24 306 101 359 datur,
121 308 148 346 ut
162 317 191 352 ex
209 306 334 357 provinciis
351 306 490 359 Aragouiae,
510 307 631 359 Tolosana,
651 307 786 359 Hispaniae,
805 308 927 352 Franciae,

24 379 168 432 Provinciae,
181 380 332 442 Lonibardiae
343 384 366 421 et
378 380 496 422 inferioris
509 383 531 422 et
543 380 683 434 superioris,
692 382 803 434 Romana,
817 380 930 423 Graeciae

22 454 108 499 fratres
124 455 154 495 ad
169 457 285 508 erigendos
302 454 444 496 misisouarii
460 454 556 497 orientis
572 455 735 508 deligerentur.
754 455 852 496 Addidit
867 456 928 497 idem

22 527 88 578 Papa
100 527 287 580 constitutiones,
302 527 385 583 quibus
399 530 524 569 conventus
538 530 561 570 et
574 528 653 570 domos
667 527 807 579 didensium,
823 528 928 580 capuen-

22 602 90 654 sium,
102 602 329 654 Trebisundensium,
341 603 413 643 Perae
424 602 496 643 eidem
507 601 681 655 congregationi
691 602 804 658 restituit..
817 603 928 654 Magister

23 674 112 717 ordinis
124 678 201 716 autem
213 675 325 716 ricarium
338 675 467 728 generalem
479 674 686 728 Peregriuautibus
697 674 773 716 lilliam
786 674 850 716 Petit
861 686 929 726 prae-

23 748 102 799 posuit
115 750 237 801 domosque
249 750 328 800 piures
340 761 368 789 ex
380 748 506 800 provinciis
519 749 629 790 Poloniae
641 751 664 790 et
678 739 813 801 nungarrae
826 749 879 790 huic
892 761 928 790 so-

23 822 104 873 cietati
120 823 265 875 aggregavit.'
280 822 478 872 Instructiunibus
495 825 518 864 et
534 809 689 864 facultatibus
705 822 791 863 muniti
807 822 929 864 missione-

22 897 53 938 rii
71 909 83 939 e
101 897 180 938 Gallia
198 910 238 954 per
256 899 335 940 arbem
349 898 491 945 ,Iannensem
510 898 736 950 Constantinopolim
755 899 810 939 iarn
828 900 926 950 profecti

22 974 84 1014 sunt.
99 973 147 1015 Sub
158 974 295 1024 Rapmundo
308 974 419 1025 Oapuano
432 972 580 1023 innotescunt
593 972 713 1014 societatis
726 972 927 1025 Peregriuantium

21 1051 142 1090 centratae
159 1048 265 1102 Russiae,
284 1049 411 1090 llalacbiae
428 1048 523 1090 cratoris
542 1051 565 1090 et
583 1048 687 1099 minoris,
707 1048 838 1099 Armeniae,
858 1048 928 1089 Geor-

21 1123 111 1175 gianae,
127 1124 243 1176 {lata-riae,
260 1123 379 1177 (lanariae,
395 1122 528 1164 Rorrrauiae.
545 1122 681 1163 Moldaviae.
698 1123 730 1173 nt
744 1133 805 1163 anilo
819 1122 874 1162 1503
888 1133 930 1173 ap-

2 1218 3 1221 =
21 1200 88 1250 paret
102 1197 167 1239 natio
181 1198 352 1240 Abbasiuorum
366 1198 391 1239 in
405 1197 691 1249 terra'Peregrinautium
817 1246 818 1249 Ἰ

77 1273 203 1324 Postquam
216 1273 426 1324 anno1453capta
439 1285 453 1313 a
467 1273 549 1315 'iureis
562 1275 617 1314 urbe
632 1274 761 1328 Byzantina
775 1273 876 1316 vicarius
891 1285 928 1326 ge-

21 1346 108 1393 neralis
121 1345 210 1389 occisus
223 1347 353 1400 fratresque
367 1348 443 1400 fugati
457 1351 519 1401 sunt,
534 1349 639 1401 quaestio
652 1351 679 1390 de
693 1350 842 1392 conventibus
857 1350 927 1391 socie-

22 1407 80 1462 tatis
91 1421 293 1473 Peregrinantium
304 1423 334 1463 ad
344 1421 432 1463 vicinas
443 1421 575 1473 provincias
586 1422 715 1463 tribuendis
727 1422 818 1464 redivit.
832 1420 926 1464 Etenim

21 1495 90 1536 iuxta
110 1496 238 1547 capitulum
260 1496 365 1548 generale
387 1496 623 1548 Montispessulanum
647 1497 699 1537 1456
721 1500 846 1538 conventus
868 1496 944 1538 iius?

23 1568 71 1613 siae
86 1568 123 1611 ad,
132 1568 275 1620 provinciam
290 1568 408 1620 Poloniae,
426 1571 552 1611 conventus
568 1568 698 1610 Moldaviae
714 1572 738 1610 et
753 1569 879 1611 Valachiae
896 1571 927 1611 ad

21 1643 175 1696 Hungariam,
190 1646 315 1686 conventus
328 1644 353 1684 in
367 1643 464 1686 Graecia
477 1645 500 1686 et
514 1644 644 1697 Gaphenses
658 1645 688 1686 ad
701 1644 843 1697 provinciam
857 1647 927 1687 Grae-

21 1719 71 1760 ciae
82 1718 145 1759 uniri
158 1720 293 1772 debuerunt,
307 1730 358 1769 cum
371 1731 494 1772 perunum
507 1718 618 1780 ricarium
631 1717 756 1772 gubernari
768 1731 814 1760 non
826 1720 926 1772 amplius

22 1796 123 1844 possent.
138 1795 170 1853 Et
181 1793 274 1845 iterum,
288 1794 343 1835 licet
355 1794 410 1835 baec
423 1793 539 1834 ordinatio
552 1793 682 1846 approbata
694 1794 718 1834 et
730 1793 867 1834 confirmata
880 1791 926 1834 vim

22 1867 217 1908 constitutionum
230 1867 366 1919 obtinuerit,
381 1867 479 1908 societas
492 1866 696 1919 Peregrinantium
709 1878 750 1919 per
763 1865 875 1907 vicarium
890 1877 928 1918 ge-

22 1941 124 1982 neralem
146 1941 339 1993 Ohi‘istoplrorum
360 1940 529 1983 Viterbiensem
549 1926 677 1982 instantias
699 1941 793 1982 Summo
815 1939 923 1981 Pontifici

22 2014 138 2056 submisit.
158 2015 234 2067 Atque
253 2015 309 2056 Pius
320 2017 354 2056 viI
373 2015 409 2056 die
427 2015 454 2055 ir
471 2014 531 2056 iunii
544 2015 604 2060 ,1464
622 2013 756 2056 societatem
774 2014 927 2066 Peregrinau-

22 2087 82 2134 tium
101 2100 153 2129 cum
173 2088 222 2131 suis
240 2089 331 2130 iuribus
351 2090 374 2130 et
394 2088 522 2141 privilegiis
542 2087 691 2140 restauravit,
712 2087 810 2129 cassatis
830 2087 927 2138 placitis

21 2163 176 2214 capitulorum
192 2164 334 2215 generalium
351 2164 455 2204 societati
472 2162 622 2210 infensorum.
640 2163 679 2204 Ita
695 2162 793 2203 societas
809 2173 881 2213 usque
897 2163 926 2203 ad

23 2236 139 2276 saeculum
153 2237 206 2278 XVI
220 2237 321 2288 duravit,
336 2236 451 2277 fratribus
465 2235 535 2277 Italis
548 2235 682 2286 plerumque
696 2233 832 2286 composita,
848 2235 927 2276 sedet

23 2309 152 2359 Germanis,
169 2310 272 2363 Polouis,
288 2310 416 2362 Hungaris,
432 2309 522 2361 Anglis.
586 2298 587 2301 ¹
847 2315 848 2319 ’

77 2382 132 2423 Alia
144 2395 180 2424 res
193 2384 301 2445 specialis
313 2384 338 2424 in
351 2383 543 2424 mludnistrandis
556 2382 705 2424 missionibus
717 2383 819 2423 fratrum
832 2381 928 2423 Praedi-

19 2461 125 2499 ›catorum
141 2460 234 2508 praeter
250 2459 383 2510 societatem
399 2457 601 2510 Peregrinantium
616 2458 641 2499 iu
658 2458 737 2498 ordine
753 2458 854 2510 fratrum
872 2458 927 2498 Urit·
972 2500 973 2503 ,

21 2538 98 2575 rorem
109 2532 241 2573 Armenian
254 2534 359 2588 habetur,
373 2535 413 2585 qui
425 2535 454 2576 ad
466 2522 557 2575 modum
570 2532 659 2576 ordinis
671 2532 861 2574 Praedicatorum
875 2543 926 2572 eon-

22 2608 110 2660 stituti‚
128 2618 182 2648 suae
199 2607 347 2649 fundationis
363 2607 564 2660 praeparationem
582 2607 612 2649 ad
629 2606 704 2659 virum
721 2603 864 2647 clarissimae
881 2616 927 2646 me·

22 2681 108 2722 moriae
119 2682 224 2723 nostrum
235 2681 439 2722 Bartholomaeum
453 2683 480 2740 (†
491 2682 553 2732 1333)
576 2682 709 2733 referentes,
717 2679 804 2720 intime
815 2690 867 2719 cum
879 2678 925 2720 imo

22 2758 64 2797 sub
82 2754 213 2797 obedientia
230 2753 319 2795 ordinis
336 2754 451 2796 vixerunt.
471 2756 548 2797 Abbas
568 2756 666 2796 Ioannes
684 2752 820 2794 monasterii
838 2752 861 2794 S.
882 2753 927 2793 Ba-

22 2830 71 2871 silii
86 2842 158 2882 prope
175 2827 293 2871 civitatem
311 2827 401 2869 Oherua
419 2828 506 2880 spiritu
523 2828 617 2870 unionis
635 2825 804 2869 ecclesiasticae
822 2826 927 2878 repletus

22 2916 74 2945 cum
86 2906 139 2956 post
150 2914 236 2945 annum
247 2902 302 2944 1333
313 2900 454 2957 occidentem
467 2902 569 2955 petierit,
583 2904 712 2956 regularem
724 2903 796 2946 vitam
808 2905 842 2947 ibi
854 2905 926 2947 admi-

20 2989 86 3029 rans,
100 2980 167 3019 ratus
180 2976 252 3026 estin
265 2987 308 3017 sua
320 2975 398 3027 patria
411 2976 515 3026 regulam
530 2977 553 3018 S.
569 2977 696 3030 Augustini
710 2980 733 3019 et
746 2978 927 3020 constitutiones
