2101 3187
340 57 473 91 Snmmarium
491 58 545 91 vitae
564 57 583 90 S.
602 56 700 91 Dominici
961 58 972 97 7

20 219 22 224 .
68 185 412 245 11111111[111111111111111111
430 196 444 224 a
461 184 623 236 diplomaticae
640 184 674 226 rei
690 184 773 236 peritis
790 185 857 226 iuxta
874 185 971 236 speciem

69 272 134 301 snam
147 261 229 300 111111
244 272 254 298 n
265 258 354 299 minore
364 272 384 311 1),
399 258 536 299 enuntiatur
549 260 573 299 et
586 258 619 299 sic
633 259 713 300 sonat:
731 257 872 300 «Honorius
886 258 972 310 episco-

67 346 111 386 pus
125 345 203 374 servus
218 340 335 373 servorum
350 332 401 384 Dei,
417 332 501 373 dilecto
516 332 564 374 filio
578 331 650 373 tratri
664 331 785 374 Dominioo
800 332 873 384 priori
889 332 970 382 Sancti

67 407 166 448 Romani
179 407 206 447 de
218 401 336 447 Tolosa'et
348 405 464 447 iratribus
474 407 521 447 tuis
534 401 747 458 regularemvitam
759 406 871 459 professis
883 408 907 447 et
919 418 971 459 pro-

66 479 164 522 fessuris
179 480 277 519 salutem
291 482 314 520 ct
328 480 480 531 apostolicam
495 465 683 520 benedictionem.
700 481 747 520 Nos
762 480 909 529 attendentes
923 481 971 521 ira-

67 559 115 596 tres
130 553 219 595 ordinis
234 554 270 594 tui
285 555 378 594 tuturos
394 554 484 605 pugiles
501 554 554 595 fidei
569 556 592 595 et
609 565 661 594 vera
678 553 758 594 mundi
774 553 870 606 lumina,
888 553 971 594 confir-

67 640 156 669 mamus
173 626 275 668 ordinem
292 629 359 667 tuum
375 639 427 687 cum
444 627 548 668 omnibus
565 627 649 669 castris
667 630 690 668 et
706 627 890 679 possessionibus
906 627 970 669 habi-

66 703 98 743 tis
114 704 137 742 et
154 700 265 742 habendis
281 704 305 742 et
321 701 397 753 ipsum
414 701 517 742 ordinem
534 701 628 753 eiusque
644 701 800 753 possessiones
816 703 840 742 et
856 701 908 742 iura
926 702 969 742 sub

66 777 147 816 nostra
162 774 329 826 gubernatione
344 777 367 815 11
382 775 525 826 protentione
541 774 685 827 suscipimus.
703 776 790 816 Datum
805 776 891 816 Romae
906 775 968 827 apud

67 850 177 891 Sanctam
200 848 310 889 Sabinam
332 849 362 888 XI
384 849 495 889 kalendas
517 848 608 889 ianuar.
631 848 786 889 Pontificatns
808 848 883 890 nostri
905 860 967 889 anno

65 923 141 975 primo
151 936 170 962 n.
378 913 379 916 ¹

121 998 149 1037 Iu
167 995 210 1037 hac
228 996 292 1037 bulla
309 996 357 1036 tria
375 996 497 1037 dicuntur:
518 997 571 1037 idea
589 996 686 1048 ordinis,
705 996 850 1037 confirmatio
870 995 967 1048 ordinis,

66 1069 194 1111 moderatio
215 1069 365 1121 pontificiali.
390 1069 415 1111 Si
436 1081 517 1111 nomen
539 1069 628 1110 ordinis
650 1069 750 1122 speciale
771 1082 817 1111 non
839 1070 965 1122 apponitur

67 1146 136 1196 (qrrod
153 1146 231 1185 tamen
249 1143 276 1183 fit
294 1143 331 1184 die
347 1144 375 1184 11.
392 1143 505 1184 1111111111
522 1144 606 1195 1218)14
624 1144 696 1195 neque
714 1143 815 1195 qualitas
834 1144 966 1185 huiusmodi

64 1217 190 1269 religionis,
208 1220 231 1258 et
248 1217 268 1257 si
284 1219 344 1258 bona
359 1216 435 1258 adlmc
451 1217 609 1269 nominantur,
627 1217 726 1258 11111111
743 1217 873 1259 evolutione
890 1217 966 1269 operis

64 1293 87 1335 S.
103 1290 220 1332 Donrinici
234 1303 248 1331 a
262 1291 420 1332 coarctatione
434 1291 585 1332 Lateranensi
599 1292 629 1332 ad
644 1291 770 1343 pleniorem
785 1291 917 1332 libertatem
932 1281 975 1331 in-⁴

63 1363 319 1417 11111111111111111111Ι
336 1365 422 1406 Eodem
437 1364 473 1405 die
487 1365 514 1405 22
529 1364 655 1406 decembris
668 1364 723 1406 1216
738 1365 858 1406 Honorius
872 1367 912 1407 ΙΙΙ
928 1366 965 1407 do-

62 1441 194 1480 cumentum
210 1439 310 1479 solemne
324 1438 405 1486 edidit,
422 1439 482 1489 qnod
497 1451 512 1479 a
527 1437 685 1490 diplomaticis
701 1451 712 1478 1(
722 1438 869 1491 privilegium
880 1453 890 1478 n
907 1450 967 1479 nun-

62 1515 170 1564 cupatur,
188 1515 211 1553 et
227 1524 279 1553 cum
295 1512 397 1553 formula
412 1511 501 1563 pariter
518 1511 572 1553 aliis
588 1511 708 1553 ordinibus
727 1512 773 1553 sive
790 1512 968 1554 monachalibus

62 1586 109 1627 sire
121 1585 295 1628 canonicalibus
309 1585 360 1627 dari
373 1585 443 1627 solita
456 1585 546 1637 incipit.
562 1586 628 1635 Quod
641 1585 788 1642 privilegium
802 1600 813 1625 «
824 1585 965 1638 Religiosam

62 1659 134 1700 1111111
147 1659 307 1711 eligentibus»
322 1659 410 1700 ordinis
423 1659 529 1700 canonici
542 1659 667 1700 secrmdum
677 1660 784 1715 regulam
798 1661 821 1701 S.
837 1659 963 1712 Augustini

61 1744 132 1784 prope
150 1732 269 1774 ecclesiam
287 1734 311 1774 S.
330 1733 429 1773 Romani
447 1732 584 1774 [tolosanam
602 1732 702 1774 viventis
720 1734 861 1786 «perpetuis
878 1733 963 1775 ibidem
987 1720 989 1725 ¹

61 1807 203 1857 temporibus
217 1806 515 1851 inviolabiliterobservari
526 1820 537 1846 »
552 1807 603 1846 vult
617 1808 640 1846 et
653 1807 707 1846 iura
720 1806 771 1848 eius
784 1809 872 1857 tuetur,
888 1807 915 1848 de
929 1806 965 1847 in-

61 1880 146 1921 teriore
163 1880 243 1932 utique
261 1891 329 1931 scopo
346 1880 408 1931 silet,
427 1882 452 1920 at
470 1880 544 1920 multa
562 1880 589 1920 de
607 1879 720 1921 exteriore
738 1881 812 1920 torma
830 1883 853 1921 et
872 1880 962 1932 quidem

21 2005 23 2008 y
60 1953 209 1995 traditionali
227 1954 337 2007 loquitur.
358 1955 419 1994 Dum
437 1953 461 1993 in
478 1953 600 2005 privilegio
618 1965 655 1994 res
672 1953 805 1995 materiales
822 1955 852 1995 ad
870 1955 962 1995 modum

60 2027 234 2068 consuetudinis
254 2027 396 2068 canonicalis
417 2028 459 2067 snb
479 2026 623 2078 protectione
644 2027 710 2069 Sedis
729 2027 878 2079 apostolicae
898 2040 964 2069 assu-

60 2101 155 2140 muntur
169 2103 193 2141 et
207 2101 234 2141 de
248 2101 282 2141 eis
296 2114 307 2140 n
319 2113 376 2152 qnae
391 2101 486 2142 maximi
500 2105 567 2142 erant
581 2102 691 2154 ponderis
704 2105 773 2155 atque
788 2103 893 2145 ordinem
907 2104 961 2144 iuti·
977 2093 979 2096 ¹

60 2171 120 2212 mins
134 2174 272 2226 spectantia,
289 2175 383 2215 omnino
394 2189 404 2214 »
420 2176 540 2235 1111111115,
556 2176 580 2216 11
596 2176 659 2217 bulla
675 2176 763 2217 minore
777 2177 856 2228 potius
871 2177 923 2219 idea
939 2189 962 2218 a-

59 2245 173 2292 postolica
188 2248 211 2289 S.
228 2248 344 2289 Dominici
359 2248 505 2301 exprimitur,
521 2261 578 2301 quae
593 2252 617 2291 et
631 2243 781 2301 sequentibus
795 2250 963 2302 diplomatibus

59 2316 186 2366 pontificiis
201 2333 290 2373 semper
306 2322 380 2374 magis
396 2322 576 2363 commendatur.

114 2390 171 2431 Urbi
189 2394 318 2437 valedicens
336 2398 359 2437 et
377 2396 518 2437 cardinalem
536 2398 679 2450 Hugolinnm
698 2399 827 2441 Ostiensem
844 2402 960 2442 fautorem

58 2462 180 2520 specialem
200 2467 314 2521 salutans,
336 2469 472 2511 Dorninicus
492 2482 568 2512 mense
588 2472 705 2513 februario
726 2474 780 2514 1217
800 2474 906 2515 Tolosam
927 2476 967 2516 re-'

59 2547 137 2577 rersus
157 2539 199 2584 est,
221 2541 260 2580 ubi
279 2543 367 2585 tratres
387 2545 414 2594 de
434 2546 499 2584 statu
519 2544 687 2596 inquietudinis
707 2546 817 2598 politicae
837 2548 960 2590 lamentati

58 2612 119 2651 sunt.
138 2611 165 2650 11.
181 2610 348 2657 incertitudine
364 2617 398 2673 rei
414 2618 542 2658 [tolosanae
556 2618 692 2660 Dominicns
708 2620 807 2672 digitum
824 2621 868 2662 Dei
885 2634 960 2673 perce-

57 2684 93 2735 pit
109 2683 290 2727 demonstrantis
306 2690 410 2731 ordinem
426 2691 616 2732 Praedicatorum
633 2692 716 2745 ubique
732 2694 778 2734 iam
794 2700 856 2736 nnnc
872 2695 959 2737 ditinu-

57 2757 156 2799 ‹ieudum
168 2769 223 2798 esse.
238 2759 293 2799 ideo
306 2761 330 2801 in
343 2765 403 2804 testo
416 2766 497 2805 beatae
509 2764 613 2818 Virginis
626 2766 650 2806 in
663 2767 751 2807 caelum
764 2759 905 2821 assumptae,
920 2781 958 2810 an-

56 2832 156 2872 1111211
172 2830 307 2872 Dominicns
324 2825 420 2878 Tolosae
436 2839 522 2880 tratres
538 2850 592 2880 snos
608 2839 633 2879 in
650 2840 728 2882 varias
743 2846 822 2893 partes
840 2842 900 2883 orbis
917 2841 957 2882 rni-

56 2906 101 2946 sit:
119 2905 170 2946 1111
185 2904 331 2958 Hispaniam
348 2910 361 2947 7
376 2910 480 2954 Parisios
496 2914 522 2953 ut
537 2912 666 2955 ministerio
681 2914 840 2956 incumberent
856 2916 917 2956 etin
933 2927 957 2955 u-

55 2978 124 3019 nione
139 2978 258 3031 praecipui
273 2978 345 3019 studii
361 2981 428 3025 illius
442 2985 493 3026 aevi
508 2985 683 3038 dispositionem
700 2988 848 3030 scholastiam
864 2988 957 3030 Praedi-
