2101 3187
398 71 493 111 Regimen
509 71 594 105 durante
610 57 718 105 schismate
980 70 1007 112 55

102 195 263 238 adhaesionem
272 196 302 237 ad
312 194 423 236 ditionem
434 193 615 236 avenionensem
625 193 673 235 iam
683 193 845 237 manifestavit
854 197 916 237 1379.
930 197 1006 240 Schis-

102 282 140 310 ma
156 280 197 320 per
213 268 316 310 ordinem
326 268 398 320 ,plene
414 267 523 310 invaluit.
542 268 603 310 Dum
620 267 646 308 in
662 269 730 321 parte
746 268 891 311 obedientiae
908 270 1006 312 Arenio-

103 343 181 387 nensis
194 343 259 386 Elias
272 354 350 396 regere
363 342 516 395 continuavit,
531 343 556 383 in
569 344 637 396 parte
650 343 755 385 Romana
769 343 869 386 Thomas
882 344 910 385 de
923 344 1006 386 Basso-

101 417 164 459 lasca
177 416 326 470 provincialis
340 416 491 458 Lombardiae
506 416 631 469 superioris
645 416 747 458 vicarius
761 417 876 470 generalis
888 416 936 459 iam
949 418 1004 460 1379

101 492 274 543 perUrbanum
285 492 321 533 vi
334 490 459 533 institutus
474 494 578 543 apparet.
594 492 662 533 Anno
676 491 730 533 1380
744 492 843 543 utraque
856 490 930 533 factio
944 491 1005 533 ordi-

101 565 138 607 nis
151 565 175 605 in
189 564 283 607 comitia
296 564 413 616 generalia
426 567 566 617 congregata
579 566 622 616 est,
637 576 685 605 una
698 564 825 616 Bononiae,
841 565 888 606 alia
902 566 1005 607 Lausan-

101 650 151 680 nae.

157 720 280 764 Rationem
297 719 419 771 specialem
437 731 492 760 suae
509 718 657 769 adhaesionis
674 720 704 760 ad
722 719 863 771 Clementem
880 719 929 759 VII
947 719 1006 760 Lau-

103 805 227 835 sannenses
246 792 301 834 dare
320 794 449 834 tlebnerunt
468 795 491 834 et
511 794 641 835 dederuntss.
662 794 763 834 Numero
783 793 885 833 fratrum
905 792 1006 844 glorian-

100 871 147 919 tur,
166 879 217 909 cum
235 868 310 919 quoad
327 867 482 919 quantitatem
499 867 672 919 provinciarum
689 866 811 918 pauciores
828 868 912 907 essent.
934 879 944 905 a
956 866 1003 907 Nos

100 944 129 983 ir.
150 942 216 983 Elias
233 942 343 994 magister
362 941 452 997 ordinis
469 941 660 983 Praedicatorum
679 942 703 982 et
721 939 856 981 definitores
873 939 1003 992 praesentis

100 1016 213 1069 generalis
233 1015 331 1067 capituli
350 1015 487 1056 Lausannae
507 1015 642 1057 celebrati...
664 1013 780 1067 ceterique
800 1014 887 1055 fratres
907 1025 1003 1064 numero

100 1089 193 1132 circiter
210 1089 304 1138 ducenti
320 1089 440 1142 octaginta
457 1088 622 1131 denuntiamus
638 1087 755 1136 fratribus
771 1087 894 1140 universis,
913 1089 940 1128 ut
957 1099 1004 1129 non

100 1163 318 1216 circumveniantur,
334 1174 380 1204 non
395 1165 539 1215 moveantur,
555 1174 601 1204 non
616 1163 759 1204 seducantur
773 1173 815 1214 per
831 1160 1002 1214 quemcumque,

100 1239 161 1290 quod
171 1250 214 1280 nos
224 1238 305 1279 habita
317 1236 482 1279 deliberatione
494 1236 601 1290 diligenti
613 1248 665 1278 cum
677 1234 758 1277 multis
770 1235 795 1276 in
807 1246 875 1277 sacra
887 1234 1004 1288 theologia

86 1311 227 1364 magistris,
243 1311 390 1353 intendentes
405 1313 429 1352 et
444 1311 592 1352 attendentes
607 1322 635 1351 ac
650 1309 675 1350 in
691 1310 755 1351 facto
772 1310 929 1361 supponentes
945 1310 1004 1350 tam-

101 1397 169 1438 quam
181 1369 266 1437 veram,
280 1384 389 1426 seriosam
401 1386 425 1426 et
437 1384 589 1426 deliberatam
601 1383 753 1425 assertionem
766 1384 815 1423 fere
828 1381 931 1423 omnium
943 1381 1004 1424 anti-

101 1471 197 1511 quorum
211 1461 234 1501 et
247 1459 433 1501 indubitatorum
447 1460 609 1512 cardinalium,
625 1461 665 1512 qui
679 1463 733 1513 post
746 1461 835 1503 obitum
850 1464 945 1503 sanctae
959 1473 1004 1502 me-

101 1533 187 1575 moriae
202 1533 290 1575 domini
305 1534 411 1586 Gregorii
425 1533 555 1576 indubitati
570 1537 648 1586 Papae
663 1536 694 1576 XI
709 1534 834 1577 novissime
848 1535 874 1576 in
889 1536 952 1578 Urbe
967 1536 1005 1578 de·

100 1607 184 1661 functi,
197 1607 222 1648 in
234 1607 341 1659 partibus
353 1607 438 1649 Italiae
450 1610 619 1660 remanserunt,
633 1608 671 1650 hic
683 1608 728 1649 Dei
740 1609 818 1661 gratia
830 1609 969 1653 exsistentes
981 1612 1004 1651 et

100 1681 240 1734 habitantes,
254 1683 284 1723 ad
297 1694 353 1734 quos
366 1682 472 1723 noscitur
485 1684 513 1724 de
525 1682 577 1724 iure
589 1682 677 1724 domini
690 1684 771 1740 Papae
782 1683 864 1725 electio
877 1683 1002 1736 pertinere,

100 1756 260 1809 asserentium,
276 1756 425 1797 referentium
440 1758 464 1797 et
478 1756 613 1813 dicentium,
630 1758 657 1798 ut
671 1756 821 1809 providerent
831 1757 939 1809 ‘periculo
954 1757 1004 1799 ani-

100 1840 190 1871 marum
205 1841 307 1882 suarum,
322 1833 392 1881 prout
406 1830 506 1871 relatum
520 1830 612 1872 exstitit
627 1830 702 1872 medio
716 1830 848 1872 iuramento
862 1842 904 1883 per
918 1832 1005 1873 multos

98 1903 174 1944 nostri
189 1903 277 1945 ordinis
292 1905 378 1945 fratres
393 1904 418 1944 in
433 1915 500 1945 sacra
515 1904 632 1956 theologia
647 1904 780 1956 magistros,
796 1917 821 1945 se
836 1907 890 1957 post
905 1908 1002 1946 mortem

99 1978 214 2028 praedicti
229 1978 335 2030 Gregorii
350 1978 467 2019 dominum
483 1979 609 2019 Robertum
626 1978 649 2019 S.
666 1980 694 2019 R.
712 1979 739 2018 E.
756 1977 906 2033 cardinalem,
923 1990 1003 2020 verum

100 2065 140 2095 seu
158 2055 286 2096 Romanum
306 2055 424 2096 Summum
443 2054 579 2096 Pontificem
597 2066 659 2096 nunc
678 2054 766 2095 dictum
786 2054 926 2095 Clementem
945 2056 1002 2106 VII,

99 2129 122 2167 et
137 2139 183 2169 non
197 2129 297 2181 aliquem
312 2129 384 2171 alium
398 2130 444 2171 rite
459 2133 482 2172 et
497 2132 607 2173 canonice
621 2132 717 2184 elegisse
731 2135 755 2173 et
770 2132 883 2184 recepisse
898 2135 921 2174 et
937 2144 960 2175 se
975 2146 1003 2175 ex

98 2202 155 2241 tunc
164 2200 189 2242 in
200 2202 242 2244 hoc
251 2215 408 2254 perseverasse
418 2216 490 2256 usque
501 2206 531 2246 ad
540 2205 671 2257 praesens».
684 2204 737 2246 'Pali
747 2206 815 2247 modo
826 2206 914 2249 electus
924 2210 1003 2249 autem

99 2272 166 2314 debet
185 2287 229 2327 pro
248 2276 351 2329 legitimo
371 2279 436 2330 Papa
456 2278 536 2320 haberi
556 2282 580 2321 et
599 2280 715 2322 fratribus
734 2281 849 2323 tenendus
869 2283 892 2322 et
912 2280 1003 2332 praedi-

99 2348 187 2396 candus
202 2348 348 2401 imponitur⁷.
366 2352 542 2395 Lausannenses
559 2354 587 2395 de
603 2355 654 2394 toto
671 2353 752 2395 ordine
770 2355 904 2408 decernunt,
924 2355 952 2397 de
969 2367 1003 2397 re-

100 2420 141 2461 bus
155 2420 324 2466 oxoniensibus
337 2426 360 2465 et
373 2425 550 2468 Coloniensibus
563 2426 624 2468 sicut
638 2427 666 2468 de
680 2426 772 2480 gallicis
785 2427 821 2469 vel
834 2427 963 2480 hispanicis
975 2441 1003 2471 ac

99 2494 120 2536 si
135 2493 169 2534 nil
185 2494 314 2539 accidisset.
333 2499 374 2540 Illi
389 2502 476 2552 autem,
494 2500 534 2552 qui
551 2513 562 2541 c
573 2500 603 2542 ad
619 2500 802 2552 anticapitulum
819 2501 925 2554 generale
942 2502 1003 2555 quod

99 2566 186 2609 dicitnr
204 2567 229 2608 in
248 2568 354 2612 Bononia
372 2575 564 2626 praesumptuose
583 2574 611 2615 de
630 2575 694 2616 facto
714 2574 834 2626 celebrari,
855 2578 1003 2617 accesserunt

99 2641 237 2694 contemptis
252 2641 339 2685 litteris
355 2646 504 2696 praedictis»
521 2649 550 2689 ab
566 2647 650 2690 officiis
666 2647 769 2690 absoluti
785 2650 809 2690 et
824 2649 855 2691 ad
870 2660 897 2690 ea
913 2647 1003 2691 inhabi-

98 2715 131 2756 les
142 2717 165 2756 et
176 2717 293 2766 tamquam
305 2718 386 2767 paenis
397 2721 514 2771 plectendi
526 2724 693 2766 declarantur⁸.

153 2794 191 2835 Ad
208 2794 295 2844 Papam
313 2793 443 2835 Romanum
462 2799 579 2839 steterunt
597 2799 730 2850 provinciae
749 2802 874 2853 Romanae,
894 2801 1002 2844 Lombar-

99 2867 150 2909 diae
167 2866 291 2919 inferioris,
310 2866 462 2909 Lombardiae
479 2870 614 2923 superioris,
634 2872 768 2927 Peutoniae,
788 2874 910 2926 saxoniae,
930 2875 1001 2916 Bobe-

100 2940 166 2992 miae,
189 2939 330 2992 Hungariae,
353 2939 494 2991 Dalmatiae,
517 2944 636 2996 Poloniae,
660 2946 755 2998 Daciae,
777 2947 885 2999 Angliae,
907 2946 999 2988 Lusita·

98 3014 158 3066 niae,
180 3013 297 3065 Graeciae,
318 3014 400 3054 Terrae
420 3017 523 3067 sanctae,
544 3017 632 3060 fratres
651 3020 800 3061 observantes
821 3019 957 3061 Germaniae
977 3021 1000 3060 61
