2188 3178
89 137 116 177 88
434 135 555 170 constitutio
572 137 648 171 ordinis

89 264 263 307 institutionem
282 264 395 305 lectorum
413 266 437 305 et
456 263 611 305 sublecturum
630 266 728 317 spectat,
748 275 837 309 necnon
855 266 994 320 assignatio-

89 351 140 381 nem
155 341 257 380 iratrum
273 338 300 379 de
316 339 382 380 domo
397 337 513 380 attaliam
528 339 551 379 et
566 338 691 382 divisiones
707 338 859 381 terminorum
874 340 993 383 iaciendas

89 414 114 454 in
130 413 182 465 ipsa
198 412 286 453 ditione
301 413 442 465 provinciae,
459 413 494 454 vel
509 412 651 454 vicariarum
668 413 866 455 stabiliendorum.
886 413 993 467 1111111111-

89 489 145 529 bant
162 486 267 538 capitula
283 486 437 539 provincialia
453 498 531 538 preces
546 486 682 528 recitandas
696 499 738 540 pro
754 486 942 530 benefactoribus
957 489 992 530 vel

88 560 211 613 iratribus,
227 572 314 616 paenas
326 563 350 603 et
363 560 519 614 paenitentias
534 560 722 613 delinquentibus
736 560 886 614 infligendas,
902 562 992 602 demum
1022 616 1023 619 Ἰ

88 638 157 677 taxas
170 635 218 676 sive
232 634 415 676 contributiones
430 646 445 675 a
459 633 608 675 conventibus
623 634 743 676 solvendas
757 647 800 688 pro
809 633 991 676 necessitatibus

88 708 249 760 provinciae³².
266 708 406 750 Huiusmodi
420 710 490 749 tanae
504 719 531 749 111
545 719 606 749 anno
622 709 677 749 1250
691 710 882 761 cognoscuntur³³
898 711 922 750 et
936 711 992 749 tem-

87 794 143 835 pore
160 782 320 839 observantiae
337 774 474 824 documento
491 783 553 836 sunt,
572 771 699 823 conventus
716 782 877 824 observantiae
893 783 923 823 ad
940 793 991 834 pro·
1049 790 1051 795 ⁴

53 873 54 876 ¹
80 856 178 900 'vincias
190 856 337 909 pertinuisse,
353 867 406 897 cum
419 855 450 897 ad
463 857 532 897 taxas
544 856 709 910 cogerenturr,
724 855 771 897 nisi
785 868 838 897 vere
853 857 991 898 1111111111-

86 932 185 985 pagines
198 930 329 983 provinciae
342 930 390 971 orti
403 930 500 983 inerint,
516 932 542 970 nt
556 942 575 971 e.
591 942 612 982 g.
628 931 754 971 conventus
768 930 913 975 Faesulanus
928 932 950 970 et
965 930 988 971 S.

80 1006 168 1048 Marci.
184 1005 318 1057 Capitulum
331 1004 473 1063 provinciale
486 1003 595 1056 spiritum
608 1005 632 1045 et
645 1002 816 1055 propensiones,
831 1001 877 1045 vim
889 1016 916 1045 ac
929 1005 991 1045 labo-

87 1092 134 1121 rem
143 1078 316 1131 provinciarum
325 1078 440 1130 expressit
449 1080 472 1119 et
481 1077 636 1118 moderavit³⁵.
906 1078 908 1083 '

180 1230 195 1288 ξ
212 1231 247 1273 20.
261 1229 388 1273 Conventus
403 1230 484 1289 singoli
497 1231 587 1274 Priores
603 1241 625 1274 et
641 1232 720 1274 fratres
735 1242 895 1277 conventuum.

113 1364 150 1404 Ad
161 1363 254 1403 modum
265 1365 427 1415 conventuum,
440 1364 518 1416 quales
529 1364 636 1405 canonici
647 1365 762 1416 regulares
775 1366 928 1406 communiter
939 1378 990 1418 pos-

85 1437 202 1484 sidebant¹
218 1439 241 1479 S.
257 1436 392 1479 Dominicus
407 1438 486 1479 domos
499 1438 535 1480 sni
549 1438 657 1479 instituti
670 1438 801 1480 ordinabat,
818 1438 886 1480 Prior
900 1440 949 1491 ipse
964 1436 987 1482 S'.

86 1510 185 1552 Romani
198 1511 451 1553 ’11111111111011111111Ι
466 1513 497 1552 Et
508 1514 562 1564 post
574 1523 644 1566 unam
656 1512 813 1564 exceptionem
826 1513 917 1554 abbatis
931 1514 989 1555 Mat-

85 1584 149 1626 thaei
162 1584 293 1636 superiores
304 1586 425 1626 domorum
438 1584 526 1626 ordinis
538 1585 729 1627 Praedicatorum
742 1585 830 1638 prioris
841 1586 938 1627 titulum
950 1587 989 1628 lra-

86 1659 189 1699 bebantl.
205 1660 226 1699 A
238 1658 341 1710 capitulo
354 1659 503 1700 conventuali
517 1659 605 1701 electus
618 1659 683 1711 prior
697 1661 792 1700 obtenta
806 1671 847 1711 per
862 1659 989 1711 provincia-

86 1732 130 1773 lem
147 1731 322 1773 confirmatione
338 1731 441 1774 oiiicium
459 1745 524 1774 11111111
541 1732 651 1784 incoepit,
669 1732 727 1775 Eius
743 1745 827 1779 munus
845 1734 943 1775 multum
959 1735 989 1775 ab

85 1806 127 1847 illo
137 1805 230 1847 abbatis
241 1805 363 1847 monastici
374 1806 497 1858 discrepat.
511 1808 563 1848 Non
574 1810 665 1858 patrem
675 1806 780 1854 1111111111
790 1807 848 1859 agit,
861 1808 900 1847 sed
911 1807 988 1859 potius

84 1878 251 1925 administrum
266 1891 303 1921 seu
321 1890 411 1921 servum
426 1880 506 1922 domus
521 1882 544 1921 et
559 1882 661 1921 fratrum
677 1880 728 1935 eius
741 1880 897 1922 moderationi
912 1881 989 1922 subdi-

85 1959 174 2011 torum,
183 1952 212 1993 in
226 1952 336 2005 regimine
350 1965 487 2006 magnopere
501 1954 590 2007 ligatus
603 1955 633 1996 ad
648 1956 701 1996 vota
715 1952 816 2006 capituli
830 1953 989 1996 conventualis

84 2029 108 2068 et
127 2026 226 2068 consilia
245 2027 362 2068 variorum
382 2028 490 2069 fratrum.
511 2029 573 2069 Dum
592 2030 698 2080 potestas
715 2026 802 2080 prioris
822 2028 988 2079 quodammodo

83 2100 262 2153 circnmscripta
277 2102 384 2153 apparet,
401 2101 502 2164 regimen
517 2105 645 2143 conventus
660 2101 743 2143 stabile
760 2112 788 2142 ac
803 2112 908 2143 securum
923 2102 948 2141 in
964 2113 988 2142 se

84 2185 133 2216 esse
150 2176 174 2216 et
192 2175 267 2227 quoad
284 2164 555 2219 extraneosssharmouice
573 2175 696 2228 procedere
713 2174 813 2229 videtur.
833 2175 906 2216 Debet
923 2175 988 2227 prior

85 2249 162 2290 omnia
175 2250 206 2290 ad
218 2261 285 2290 sunm
298 2254 321 2290 et
334 2248 480 2300 superiorum
494 2252 582 2290 statum
596 2247 738 2301 pertinentia
752 2250 842 2300 notare,
859 2262 870 2288 r
880 2253 925 2301 pro‘
934 2249 988 2290 reli-

84 2323 151 2373 gione
164 2323 239 2375 primo
252 2325 275 2364 et
287 2334 329 2375 pro
343 2322 422 2364 studio
435 2324 534 2365 secundo
548 2307 672 2376 plusquam
685 2333 726 2374 pro
740 2321 796 2363 aliis
809 2322 988 2376 quibuscumque

84 2397 187 2449 11111111
207 2408 252 2437 non
268 2396 338 2440 nimis
355 2397 434 2445 abesse
450 2408 522 2450 neque
538 2408 628 2449 semper
645 2395 706 2437 domi
722 2406 822 2449 manere,
841 2396 902 2438 circa
919 2395 988 2449 spiri-

83 2470 160 2512 tualia
174 2470 253 2523 potius
268 2482 336 2523 quam
351 2470 489 2522 temporalia
504 2469 632 2523 occuparit
649 2468 716 2511 Prior
731 2480 885 2523 quoscumque
900 2470 987 2511 oificia-

84 2544 117 2585 les
129 2547 255 2586 conventus
266 2544 380 2598 nominat,
394 2544 448 2585 licet
460 2544 608 2587 consiliarios
621 2554 688 2595 super
700 2543 755 2585 haec
767 2543 850 2585 audire
862 2544 986 2585 monetur‘.

61 2616 63 2621 ’
83 2618 166 2667 Quoad
179 2617 283 2671 singulos
294 2619 382 2660 iratres
397 2632 408 2657 r
419 2618 494 2670 ipsius
505 2620 541 2659 est
555 2627 690 2669 cognoscere
703 2618 751 2658 tam
765 2617 830 2659 intus
845 2629 912 2670 quam
926 2618 987 2657 exte-

84 2691 135 2733 rius
146 2691 223 2732 varias
235 2692 381 2734 conditiones
393 2696 415 2734 et
428 2692 597 2745 complexiones
610 2692 633 2731 et
646 2690 809 2742 dispositiones
821 2692 922 2732 iratrum
936 2702 987 2731 suo-

83 2776 135 2806 rum
155 2767 178 2805 et
196 2776 240 2806 non
260 2766 338 2807 eodem
356 2766 424 2807 modo
442 2768 545 2806 tractare
565 2775 643 2806 omnes
661 2766 684 2805 et
702 2767 813 2817 coaptare
831 2775 855 2806 se
874 2765 987 2815 quantum

83 2838 146 2881 ratio
161 2841 185 2880 et
200 2839 413 2891 religiopermittit
428 2838 527 2892 singulis
543 2838 668 2880 secundum
684 2851 762 2880 eorum
779 2837 984 2890 dispositionem».

82 2920 97 2955 1·
105 2914 168 2955 Item
180 2913 211 2953 ad
223 2912 324 2954 officium
337 2913 387 2954 eius
400 2912 502 2965 pertinet
515 2911 574 2953 scire
587 2912 649 2953 clare
662 2916 684 2954 et
696 2913 790 2965 plene...
805 2911 933 2953 cuiusmodi
946 2923 986 2964 po-

81 2989 193 3030 testatem
202 2986 285 3028 habeat
294 2987 351 3027 ordo
360 2987 386 3027 in
396 2985 578 3028 confessionibus
588 2987 716 3041 audiendis,
727 2987 753 3027 in
763 2984 984 3038 praedicationibus,

80 3063 105 3103 in
117 3059 330 3114 dispensationibus
341 3059 404 3102 circa
413 3060 499 3101 iratres
510 3062 533 3101 et
544 3061 569 3102 in
579 3060 733 3113 indulgentiis
742 3061 766 3101 et
777 3059 802 3099 in
813 3059 867 3101 aliis
877 3060 984 3102 multis...
