2101 3187
443 59 495 94 Socii
511 59 603 99 magistri
619 57 718 100 generalis
998 63 1023 104 77

114 189 235 240 postulat⁵.
254 190 349 233 Ioannis
366 190 486 233 Teutonici
503 190 543 232 diu
559 190 636 233 socius
651 189 744 231 exstitit
760 192 909 232 Hermannus
925 190 953 231 de
969 191 1016 231 Ha-

114 263 205 316 uelberg
219 264 258 315 qui
271 265 408 317 magistrum
423 264 448 305 in
462 264 597 306 visitatione
612 265 688 306 decem
703 263 875 316 provinciarum
891 263 1017 306 comitatus

118 339 170 378 esu.
184 338 295 391 Aegidins
308 340 335 380 de
345 338 445 380 Vaonela
457 350 517 393 unus
529 350 541 379 e
552 338 622 380 sociis
634 337 741 390 magistri
753 338 876 379 Humberti
889 338 962 380 inisse
973 340 1021 379 tra-

118 410 199 452 ditur⁷.

173 486 206 527 De
219 485 309 528 ratione
321 485 393 528 officii
406 485 538 528 huiusmodi
550 486 671 537 sociorum,
682 486 726 538 'qui
738 498 752 527 a
760 485 877 539 'magistro
890 487 1017 539 eliguntur,

115 560 258 602 Humbertus
270 560 325 601 haec
337 561 421 602 refert:
437 559 485 601 sint
499 575 510 601 1(
521 561 594 609 Deum
606 559 723 612 timentes,
737 559 825 601 ordinis
838 561 958 612 zelatores,
973 560 1019 602 dis-

114 634 216 675 cretione
239 633 359 685 pollentes
384 633 506 687 religiosae
529 636 552 674 et
574 634 682 675 amabilis
706 633 896 686 conversationis,
921 646 1017 687 corpore

114 709 228 759 potentes,
242 707 282 760 qui
294 709 317 749 et
329 707 490 749 interire-tres
503 708 601 750 sesicut
614 719 676 750 unus
687 710 816 749 ceterorum
830 709 942 761 gerentes,
956 706 1016 749 nihil

109 781 139 822 in
154 781 196 822 hoc
211 780 288 822 officio
304 783 423 834 quaerant,
441 781 487 822 nisi
503 781 582 823 solam
592 781 682 823 ordinis
698 780 857 822 utilitatem».
876 782 936 823 Sunt
952 782 1015 823 velut

112 854 235 896 memoriae
252 857 275 896 et
292 856 417 897 monitores
435 855 548 908 magistri,
568 855 730 907 pacificatores
747 856 849 896 fratrum
869 867 880 895 «
891 866 947 908 quos
965 857 1014 896 tur-

114 930 180 971 batos
198 928 299 970 viderint
317 929 435 971 occasione
453 928 599 981 repulsarum
617 928 758 981 petitionum
776 928 879 970 11111111
898 929 926 970 de
944 940 1015 971 causa

113 1014 168 1055 erga
179 1002 316 1055 magistrum
327 1001 346 1044 »ζ
362 1016 373 1043 c
383 1004 473 1045 Horum
486 1014 546 1044 unus
558 1003 624 1045 debet
637 1004 686 1045 esse
699 1014 829 1056 conversus,
844 1002 911 1044 cuius
923 1003 969 1044 erit
982 1003 1015 1044 of-

113 1076 191 1119 ficium
200 1076 302 1129 speciale
315 1077 431 1119 custodire
444 1077 555 1129 sigillum,
570 1076 674 1130 sigillare
687 1077 813 1124 litteras...‘
822 1076 894 1118 libros
907 1075 1015 1129 magistri

112 1153 136 1191 et
146 1152 221 1192 vestes
232 1149 347 1203 aliquas...
360 1152 454 1204 portare
465 1151 490 1191 in
502 1151 539 1192 via
551 1153 574 1192 et
583 1150 647 1210 circa
658 1150 810 1192 necessitates
821 1149 870 1192 eius
880 1150 1014 1202 ‘corporales

108 1223 289 1266 sollicitudinem
303 1236 387 1277 gerere.
404 1224 472 1266 Alius
486 1224 553 1266 debet
567 1237 616 1266 esse
630 1224 737 1265 notarius
752 1225 892 1276 competens,
909 1224 949 1276 qui
963 1236 1010 1265 ma-

112 1298 148 1350 gis
161 1298 232 1340 debet
240 1297 346 1354 laborare
359 1299 389 1340 ad
402 1300 530 1340 notandum
544 1297 684 1340 sententiose
698 1299 721 1339 et
735 1297 835 1339 breviter
850 1309 919 1350 quam
933 1298 964 1340 ad
978 1310 1014 1340 or-

107 1374 189 1413 natum
201 1372 270 1413 verba
282 1371 463 1425 multiplicare...
478 1372 581 1413 Litteras
593 1373 620 1413 de
632 1371 748 1413 beneficiis
761 1374 785 1412 et
797 1372 864 1421 alias,
879 1383 937 1424 quae
950 1383 1009 1413 oom-

110 1445 238 1487 mittuntur
250 1445 305 1487 aliis
316 1445 450 1488 scribendae
461 1446 497 1487 vel
509 1445 635 1496 faciendae,
651 1447 705 1486 ante
718 1444 884 1497 sigillationem
897 1446 964 1487 debet
977 1445 1012 1486 in-

107 1518 202 1572 spicere,
217 1521 244 1561 ut
256 1519 362 1561 videatur
375 1520 396 1561 si
408 1520 456 1561 sint
469 1519 546 1561 debito
560 1520 626 1560 modo
639 1520 754 1560 formatae
768 1521 791 1560 et
804 1519 912 1575 scriptae.
928 1520 1009 1561 Potest

112 1593 242 1646 [magister]
259 1593 329 1634 etiam
341 1594 434 1645 praeter
446 1594 511 1646 istos
525 1593 546 1634 si
560 1593 604 1634 sibi
617 1593 692 1634 visum
705 1592 785 1644 fuerit,
800 1592 897 1634 tertium
910 1604 1010 1634 assume-

108 1679 133 1709 re
146 1666 241 1719 socium,
257 1667 332 1708 virum
346 1667 437 1709 consilii
451 1670 475 1708 et
489 1667 629 1717 litterarum,
645 1678 698 1707 oum
712 1678 756 1719 quo
771 1666 846 1719 possit
860 1666 943 1708 habere
958 1678 1010 1707 con·

91 1740 212 1781 silium...
226 1740 286 1782 etin
298 1740 328 1783 iis
340 1741 424 1793 quibus
435 1740 480 1782 sibi
492 1741 631 1782 studendum
644 1742 679 1781 est
692 1739 763 1781 etiam
776 1740 852 1792 ipsum
865 1739 1010 1781 adiutorium

103 1814 189 1856 11111111
200 1817 228 1854 »t
328 1856 331 1860 ,
744 1816 746 1819 ’
812 1823 813 1826 ’
857 1815 862 1827 ’

163 1888 354 1932 Bartholomaeus
370 1891 396 1931 de
411 1890 532 1932 llaventia⁹
548 1893 572 1932 et
586 1891 728 1933 Laurentius
742 1891 829 1933 Blundi
845 1892 872 1933 de
887 1892 1009 1933 Tudertol‘

107 1962 217 2004 celebrati
236 1963 293 2004 socii
311 1964 418 2016 magistri
437 1964 533 2006 Ioannis
550 1965 705 2007 Vercellensis
724 1966 798 2007 erant
820 1967 839 2006 Ε
860 1965 1008 2017 sequentibus

105 2035 181 2077 (tuido
203 2036 357 2079 Flamoohetti
378 2050 392 2079 a
413 2033 525 2091 magistro
547 2038 629 2080 Texier
649 2037 727 2080 socius
747 2038 851 2080 adscitus
873 2037 921 2080 tuit
942 2038 1008 2092 eique

103 2108 204 2150 mediate
216 2110 306 2161 quidem
317 2111 342 2151 11
353 2110 487 2164 magisterio
499 2123 606 2164 supremo
618 2097 755 2154 successitss.
769 2111 906 2153 Dominicus
919 2113 1006 2165 spada-

104 2180 156 2221 fora
169 2194 211 2233 per
224 2183 361 2236 magistrum
375 2185 482 2226 Torriani
495 2185 520 2226 in
535 2181 622 2227 socium
636 2180 790 2237 111111111111112
804 2186 925 2227 beatorum
940 2187 1005 2227 cultu

104 2257 249 2304 postmodum
264 2257 390 2300 distinctus
402 2261 444 2300 est.
461 2260 490 2300 In
503 2260 595 2300 saeculo
609 2260 648 2300 XV
662 2258 719 2300 socii
732 2259 841 2312 magistri
855 2259 944 2302 ordinis
958 2259 1005 2301 iam

103 2327 165 2368 haud
175 2328 283 2380 exiguum
293 2331 409 2374 inilrrxum
420 2344 446 2374 ac
457 2334 597 2374 momentum
607 2333 633 2373 in
643 2333 712 2374 rebus
722 2332 916 2375 administrandis
927 2333 1006 2375 nanci-

104 2401 254 2443 scebantur1³.

160 2474 185 2515 Si
200 2475 313 2517 sociorum
329 2480 364 2520 111
379 2480 478 2522 alicuius
494 2482 614 2523 secretarii
629 2483 763 2535 generalis14
779 2488 830 2526 erat
845 2486 897 2526 tum
913 2485 1005 2526 litteras

105 2548 169 2589 iussu
181 2548 287 2600 magistri
299 2552 387 2596 ordinis
399 2554 499 2597 scribere
511 2557 561 2596 tum
573 2555 676 2609 sigillum
689 2558 813 2611 custodire,
827 2570 874 2599 non
886 2558 965 2602 minus
975 2559 1006 2601 ad

99 2618 180 2664 eornm
194 2632 275 2664 munus
290 2627 417 2691 spectabat,
434 2628 612 2681 registraturam
627 2631 716 2672 ordinis
731 2632 779 2673 sive
793 2632 923 2684 generalem
937 2633 1004 2685 perii-

105 2707 161 2738 cere.
178 2696 212 2736 De
227 2706 271 2747 qna
286 2707 314 2737 ex
329 2698 404 2741 altera
419 2701 543 2745 medietate
559 2703 646 2745 saeculi
662 2705 714 2746 XIV
729 2707 772 2746 aut
787 2705 874 2747 notitia
889 2708 932 2748 aut
946 2706 1005 2748 liber

103 2770 152 2822 ipse
166 2768 331 2822 registraturae
345 2772 418 2813 adest.
435 2774 549 2827 Loquitur
563 2777 624 2817 enim
639 2777 704 2819 illias
718 2779 858 2831 Raymond1⁵
873 2780 1003 2822 11111368

98 2845 129 2886 111
139 2843 255 2897 aliquibus
265 2844 365 2884 fratrum
376 2846 523 2898 subreptitiis
535 2849 631 2903 litteris,
645 2865 656 2891 1(
667 2852 695 2893 de
707 2852 790 2904 quibus
801 2853 868 2895 nulla
879 2853 965 2895 mentio
976 2852 1001 2893 in

101 2917 200 2969 registro
215 2916 303 2959 ordinis
317 2918 339 2958 et
353 2917 378 2957 11
393 2917 427 2960 eis
441 2919 557 2972 signetum
573 2923 667 2966 minime
682 2928 788 2978 apparet,
805 2929 833 2968 ut
848 2928 884 2968 est
898 2927 969 2967 moris
979 2939 998 2966 11.

101 2992 132 3033 nt
147 2991 175 3033 de
188 2992 323 3043 Raymundo
337 2990 447 3042 Oapuauo
462 3004 518 3043 pars
532 2996 627 3046 registri
642 3009 756 3039 annorum
771 3000 874 3053 1386s99‚
890 3011 936 3040 non
952 2998 1000 3051 qui-

102 3065 185 3106 demin
197 3064 312 3117 originali,
324 3064 396 3106 sedin
406 3065 472 3116 copia
482 3066 538 3106 111111
549 3069 603 3108 1152
614 3072 747 3112 servaturffi.
760 3072 869 3124 Registra
879 3084 921 3125 pro
932 3073 1000 3116 annis
