<?xml version="1.0" encoding="UTF-8"?>
<!DOCTYPE html PUBLIC "-//W3C//DTD XHTML 1.0 Transitional//EN"
    "http://www.w3.org/TR/xhtml1/DTD/xhtml1-transitional.dtd">
<html xmlns="http://www.w3.org/1999/xhtml" xml:lang="en" lang="en">
 <head>
  <title>
</title>
<meta http-equiv="Content-Type" content="text/html;charset=utf-8" />
  <meta name='ocr-system' content='tesseract 3.04.00' />
  <meta name='ocr-capabilities' content='ocr_page ocr_carea ocr_par ocr_line ocrx_word'/>
</head>
<body>
  <div class='ocr_page' id='page_1' title='image "MN5081ucmf_3_0125.png"; bbox 0 0 2188 3178; ppageno 0'>
   <div class='ocr_carea' id='block_1_1' title="bbox 68 109 655 152">
    <p class='ocr_par' dir='ltr' id='par_1_1' title="bbox 68 109 655 152">
     <span class='ocr_line' id='line_1_1' title="bbox 68 109 655 152; baseline -0.003 0"><span class='ocrx_word' id='word_1_1' title='bbox 68 109 104 152; x_wconf 63' lang='lat'>9&#39;8‘</span> <span class='ocrx_word' id='word_1_2' title='bbox 414 111 536 150; x_wconf 78' lang='lat' dir='ltr'>constitutio</span> <span class='ocrx_word' id='word_1_3' title='bbox 552 115 629 150; x_wconf 85' lang='lat' dir='ltr'>ordinis</span> <span class='ocrx_word' id='word_1_4' title='bbox 654 117 655 121; x_wconf 78' lang='grc'>’</span> 
     </span>
    </p>
   </div>
   <div class='ocr_carea' id='block_1_2' title="bbox 47 233 997 1910">
    <p class='ocr_par' dir='ltr' id='par_1_2' title="bbox 47 233 997 1910">
     <span class='ocr_line' id='line_1_2' title="bbox 67 233 982 303; baseline 0.007 -21"><span class='ocrx_word' id='word_1_5' title='bbox 67 253 150 293; x_wconf 82' lang='lat' dir='ltr'>scopus</span> <span class='ocrx_word' id='word_1_6' title='bbox 167 239 354 282; x_wconf 57' lang='lat' dir='ltr'>wormatiensis}</span> <span class='ocrx_word' id='word_1_7' title='bbox 364 233 460 292; x_wconf 64' lang='lat' dir='ltr'>daturi,</span> <span class='ocrx_word' id='word_1_8' title='bbox 471 240 503 280; x_wconf 54' lang='lat' dir='ltr'>‘in</span> <span class='ocrx_word' id='word_1_9' title='bbox 522 242 614 303; x_wconf 86' lang='lat' dir='ltr'>saeculo</span> <span class='ocrx_word' id='word_1_10' title='bbox 622 250 625 264; x_wconf 77' lang='lat'>³</span> <span class='ocrx_word' id='word_1_11' title='bbox 633 243 684 284; x_wconf 87' lang='lat' dir='ltr'>XIV</span> <span class='ocrx_word' id='word_1_12' title='bbox 699 241 889 295; x_wconf 86' lang='lat' dir='ltr'>archiepiscopus</span> <span class='ocrx_word' id='word_1_13' title='bbox 908 247 982 288; x_wconf 50' lang='lat' dir='ltr'>ecio-1</span> 
     </span>
     <span class='ocr_line' id='line_1_3' title="bbox 68 301 981 370; baseline 0.005 -15"><span class='ocrx_word' id='word_1_14' title='bbox 68 315 156 358; x_wconf 89' lang='lat' dir='ltr'>niensis</span> <span class='ocrx_word' id='word_1_15' title='bbox 169 317 303 356; x_wconf 80' lang='lat' dir='ltr'>conserator</span> <span class='ocrx_word' id='word_1_16' title='bbox 316 307 404 356; x_wconf 82' lang='lat' dir='ltr'>iuriam</span> <span class='ocrx_word' id='word_1_17' title='bbox 418 314 617 364; x_wconf 75' lang='lat' dir='ltr'>dominicanorum</span> <span class='ocrx_word' id='word_1_18' title='bbox 631 317 655 357; x_wconf 90' lang='lat' dir='ltr'>in</span> <span class='ocrx_word' id='word_1_19' title='bbox 670 316 793 359; x_wconf 72' lang='lat' dir='ltr'>Germania</span> <span class='ocrx_word' id='word_1_20' title='bbox 808 301 981 370; x_wconf 35' lang='lat' dir='ltr'>agnoscitur?</span> 
     </span>
     <span class='ocr_line' id='line_1_4' title="bbox 47 388 981 443; baseline 0.003 -12"><span class='ocrx_word' id='word_1_21' title='bbox 47 409 49 412; x_wconf 89' lang='grc'><em>·</em></span> <span class='ocrx_word' id='word_1_22' title='bbox 69 390 215 431; x_wconf 83' lang='lat' dir='ltr'>Cardinalem</span> <span class='ocrx_word' id='word_1_23' title='bbox 237 388 360 430; x_wconf 89' lang='lat' dir='ltr'>Nicolaum</span> <span class='ocrx_word' id='word_1_24' title='bbox 382 390 417 431; x_wconf 74' lang='lat' dir='ltr'>dev</span> <span class='ocrx_word' id='word_1_25' title='bbox 430 389 634 431; x_wconf 71' lang='lat' dir='ltr'>Prato&#39;oificium</span> <span class='ocrx_word' id='word_1_26' title='bbox 649 393 822 443; x_wconf 84' lang='lat' dir='ltr'>protectoratus</span> <span class='ocrx_word' id='word_1_27' title='bbox 842 392 873 433; x_wconf 63' lang='lat' dir='ltr'>de*</span> <span class='ocrx_word' id='word_1_28' title='bbox 892 393 981 434; x_wconf 73' lang='lat' dir='ltr'>ordine</span> 
     </span>
     <span class='ocr_line' id='line_1_5' title="bbox 68 456 983 518; baseline 0.003 -14"><span class='ocrx_word' id='word_1_29' title='bbox 68 456 258 505; x_wconf 82' lang='lat' dir='ltr'>Praedicatorum</span> <span class='ocrx_word' id='word_1_30' title='bbox 273 464 370 516; x_wconf 81' lang='lat' dir='ltr'>gessisse</span> <span class='ocrx_word' id='word_1_31' title='bbox 384 463 476 505; x_wconf 63' lang='lat' dir='ltr'>&lt;aoniae</span> <span class='ocrx_word' id='word_1_32' title='bbox 484 465 514 504; x_wconf 89' lang='lat' dir='ltr'>et</span> <span class='ocrx_word' id='word_1_33' title='bbox 527 463 589 504; x_wconf 88' lang='lat' dir='ltr'>idem</span> <span class='ocrx_word' id='word_1_34' title='bbox 602 476 645 516; x_wconf 90' lang='lat' dir='ltr'>pro</span> <span class='ocrx_word' id='word_1_35' title='bbox 658 465 773 507; x_wconf 89' lang='lat' dir='ltr'>cardinali</span> <span class='ocrx_word' id='word_1_36' title='bbox 786 465 864 507; x_wconf 85' lang='lat' dir='ltr'>Rosell</span> <span class='ocrx_word' id='word_1_37' title='bbox 879 469 983 518; x_wconf 66' lang='lat' dir='ltr'>praesu-³</span> 
     </span>
     <span class='ocr_line' id='line_1_6' title="bbox 69 530 982 589; baseline 0.004 -12"><span class='ocrx_word' id='word_1_38' title='bbox 69 538 104 577; x_wconf 83' lang='lat' dir='ltr'>mi</span> <span class='ocrx_word' id='word_1_39' title='bbox 114 539 197 589; x_wconf 82' lang='lat' dir='ltr'>potest,</span> <span class='ocrx_word' id='word_1_40' title='bbox 213 537 298 589; x_wconf 78' lang='lat' dir='ltr'>quippe</span> <span class='ocrx_word' id='word_1_41' title='bbox 312 537 444 589; x_wconf 77' lang='lat' dir='ltr'>orrisedula</span> <span class='ocrx_word' id='word_1_42' title='bbox 457 548 513 578; x_wconf 89' lang='lat' dir='ltr'>cura</span> <span class='ocrx_word' id='word_1_43' title='bbox 527 538 617 579; x_wconf 90' lang='lat' dir='ltr'>statum</span> <span class='ocrx_word' id='word_1_44' title='bbox 631 538 718 581; x_wconf 78' lang='lat' dir='ltr'>ordinis</span> <span class='ocrx_word' id='word_1_45' title='bbox 732 530 907 581; x_wconf 61' lang='lat' dir='ltr'>dimetiatur.</span> <span class='ocrx_word' id='word_1_46' title='bbox 923 540 982 581; x_wconf 68' lang='lat' dir='ltr'>Pri-&#39;³</span> 
     </span>
     <span class='ocr_line' id='line_1_7' title="bbox 69 603 974 665; baseline 0.004 -15"><span class='ocrx_word' id='word_1_47' title='bbox 69 605 120 652; x_wconf 88' lang='lat' dir='ltr'>mus</span> <span class='ocrx_word' id='word_1_48' title='bbox 133 613 226 652; x_wconf 90' lang='lat' dir='ltr'>tandem</span> <span class='ocrx_word' id='word_1_49' title='bbox 240 611 351 663; x_wconf 83' lang='lat' dir='ltr'>explicite</span> <span class='ocrx_word' id='word_1_50' title='bbox 364 604 389 652; x_wconf 82' lang='lat' dir='ltr'>in</span> <span class='ocrx_word' id='word_1_51' title='bbox 401 611 462 652; x_wconf 74' lang='lat' dir='ltr'>&#39;actis</span> <span class='ocrx_word' id='word_1_52' title='bbox 470 603 636 662; x_wconf 63' lang='lat' dir='ltr'>‘capitulorum</span> <span class='ocrx_word' id='word_1_53' title='bbox 649 613 789 665; x_wconf 75' lang='lat' dir='ltr'>generalium</span> <span class='ocrx_word' id='word_1_54' title='bbox 804 613 861 654; x_wconf 89' lang='lat' dir='ltr'>anni</span> <span class='ocrx_word' id='word_1_55' title='bbox 875 605 930 655; x_wconf 76' lang='grc'>1376</span> <span class='ocrx_word' id='word_1_56' title='bbox 944 614 974 654; x_wconf 84' lang='lat' dir='ltr'>ti-</span> 
     </span>
     <span class='ocr_line' id='line_1_8' title="bbox 69 684 983 740; baseline 0.003 -14"><span class='ocrx_word' id='word_1_57' title='bbox 69 687 119 726; x_wconf 91' lang='lat' dir='ltr'>tulo</span> <span class='ocrx_word' id='word_1_58' title='bbox 131 685 371 736; x_wconf 76' lang='lat' dir='ltr'>protectortsoromis</span> <span class='ocrx_word' id='word_1_59' title='bbox 382 684 635 726; x_wconf 77' lang='lat' dir='ltr'>ailertur&#39;GuilleImus</span> <span class='ocrx_word' id='word_1_60' title='bbox 648 687 675 727; x_wconf 92' lang='lat' dir='ltr'>de</span> <span class='ocrx_word' id='word_1_61' title='bbox 687 687 837 739; x_wconf 81' lang='lat' dir='ltr'>Aigreteuille</span> <span class='ocrx_word' id='word_1_62' title='bbox 853 689 889 740; x_wconf 87' lang='lat' dir='ltr'>(de</span> <span class='ocrx_word' id='word_1_63' title='bbox 902 689 983 740; x_wconf 68' lang='lat' dir='ltr'>Agre-³</span> 
     </span>
     <span class='ocr_line' id='line_1_9' title="bbox 69 759 973 818; baseline 0.004 -19"><span class='ocrx_word' id='word_1_64' title='bbox 69 759 134 812; x_wconf 82' lang='lat' dir='ltr'>tolio,</span> <span class='ocrx_word' id='word_1_65' title='bbox 153 763 170 818; x_wconf 82' lang='lat'><em>†</em></span> <span class='ocrx_word' id='word_1_66' title='bbox 188 760 279 811; x_wconf 76' lang='lat' dir='ltr'>ilbi)²².</span> <span class='ocrx_word' id='word_1_67' title='bbox 299 759 380 801; x_wconf 83' lang='lat' dir='ltr'>Diviso</span> <span class='ocrx_word' id='word_1_68' title='bbox 398 760 483 801; x_wconf 66' lang='lat' dir='ltr'>ordine:</span> <span class='ocrx_word' id='word_1_69' title='bbox 495 760 599 810; x_wconf 88' lang='lat' dir='ltr'>tempore</span> <span class='ocrx_word' id='word_1_70' title='bbox 612 759 750 802; x_wconf 70' lang='lat' dir='ltr'>schismatis</span> <span class='ocrx_word' id='word_1_71' title='bbox 767 762 813 803; x_wconf 91' lang='lat' dir='ltr'>duo</span> <span class='ocrx_word' id='word_1_72' title='bbox 824 763 973 813; x_wconf 74' lang='lat' dir='ltr'>&#39;protectores</span> 
     </span>
     <span class='ocr_line' id='line_1_10' title="bbox 69 830 985 886; baseline 0.001 -13"><span class='ocrx_word' id='word_1_73' title='bbox 69 832 158 877; x_wconf 78' lang='lat' dir='ltr'>ordinis</span> <span class='ocrx_word' id='word_1_74' title='bbox 173 845 214 886; x_wconf 93' lang='lat' dir='ltr'>pro</span> <span class='ocrx_word' id='word_1_75' title='bbox 229 833 320 875; x_wconf 90' lang='lat' dir='ltr'>duabus</span> <span class='ocrx_word' id='word_1_76' title='bbox 336 833 443 886; x_wconf 87' lang='lat' dir='ltr'>partibus</span> <span class='ocrx_word' id='word_1_77' title='bbox 458 832 637 874; x_wconf 74' lang='lat' dir='ltr'>inveniuntur²³.</span> <span class='ocrx_word' id='word_1_78' title='bbox 878 830 879 833; x_wconf 65' lang='grc'>’</span> <span class='ocrx_word' id='word_1_79' title='bbox 950 831 952 834; x_wconf 79' lang='grc'><strong>’</strong></span> <span class='ocrx_word' id='word_1_80' title='bbox 983 880 985 884; x_wconf 51' lang='grc'>,</span> 
     </span>
     <span class='ocr_line' id='line_1_11' title="bbox 82 907 982 961; baseline 0.002 -12"><span class='ocrx_word' id='word_1_81' title='bbox 82 909 94 943; x_wconf 65' lang='grc' dir='ltr'><em>ὃ</em></span> <span class='ocrx_word' id='word_1_82' title='bbox 114 908 184 958; x_wconf 61' lang='lat' dir='ltr'>‘Quia</span> <span class='ocrx_word' id='word_1_83' title='bbox 201 908 225 948; x_wconf 91' lang='lat' dir='ltr'>in</span> <span class='ocrx_word' id='word_1_84' title='bbox 242 907 451 950; x_wconf 74' lang='lat' dir='ltr'>constitutionibus</span> <span class='ocrx_word' id='word_1_85' title='bbox 467 909 570 948; x_wconf 77' lang='lat' dir='ltr'>fratrum</span> <span class='ocrx_word' id='word_1_86' title='bbox 587 907 777 949; x_wconf 84' lang='lat' dir='ltr'>Praedicatorum</span> <span class='ocrx_word' id='word_1_87' title='bbox 795 907 882 961; x_wconf 87' lang='lat' dir='ltr'>positio</span> <span class='ocrx_word' id='word_1_88' title='bbox 895 908 982 952; x_wconf 47' lang='lat' dir='ltr'>cardi»</span> 
     </span>
     <span class='ocr_line' id='line_1_12' title="bbox 69 981 997 1035; baseline 0.001 -13"><span class='ocrx_word' id='word_1_89' title='bbox 69 982 132 1025; x_wconf 88' lang='lat' dir='ltr'>nalis</span> <span class='ocrx_word' id='word_1_90' title='bbox 149 983 288 1035; x_wconf 80' lang='lat' dir='ltr'>protectoris</span> <span class='ocrx_word' id='word_1_91' title='bbox 301 983 355 1023; x_wconf 74' lang='lat' dir='ltr'>‘non</span> <span class='ocrx_word' id='word_1_92' title='bbox 373 981 506 1023; x_wconf 86' lang='lat' dir='ltr'>nominatur</span> <span class='ocrx_word' id='word_1_93' title='bbox 525 992 598 1033; x_wconf 86' lang='lat' dir='ltr'>neque</span> <span class='ocrx_word' id='word_1_94' title='bbox 617 981 667 1030; x_wconf 80' lang='lat' dir='ltr'>eius</span> <span class='ocrx_word' id='word_1_95' title='bbox 685 981 787 1023; x_wconf 86' lang='lat' dir='ltr'>officium</span> <span class='ocrx_word' id='word_1_96' title='bbox 807 983 926 1031; x_wconf 70' lang='lat' dir='ltr'>definitur,</span> <span class='ocrx_word' id='word_1_97' title='bbox 947 995 974 1024; x_wconf 77' lang='lat' dir='ltr'>ex</span> <span class='ocrx_word' id='word_1_98' title='bbox 995 999 997 1001; x_wconf 89' lang='lat'>·</span> 
     </span>
     <span class='ocr_line' id='line_1_13' title="bbox 70 1054 981 1109; baseline 0 -11"><span class='ocrx_word' id='word_1_99' title='bbox 70 1067 114 1099; x_wconf 82' lang='lat' dir='ltr'>usu</span> <span class='ocrx_word' id='word_1_100' title='bbox 128 1058 151 1098; x_wconf 89' lang='lat' dir='ltr'>et</span> <span class='ocrx_word' id='word_1_101' title='bbox 164 1055 258 1098; x_wconf 74' lang='lat' dir='ltr'>iniluriu</span> <span class='ocrx_word' id='word_1_102' title='bbox 270 1055 423 1109; x_wconf 79' lang='lat' dir='ltr'>singulorum</span> <span class='ocrx_word' id='word_1_103' title='bbox 433 1057 591 1107; x_wconf 89' lang='lat' dir='ltr'>protectorum</span> <span class='ocrx_word' id='word_1_104' title='bbox 604 1054 771 1107; x_wconf 70' lang='lat' dir='ltr'>ius&#39;quoddam</span> <span class='ocrx_word' id='word_1_105' title='bbox 786 1056 914 1098; x_wconf 80' lang='lat' dir='ltr'>formatum</span> <span class='ocrx_word' id='word_1_106' title='bbox 930 1059 981 1107; x_wconf 79' lang='lat' dir='ltr'>est,-</span> 
     </span>
     <span class='ocr_line' id='line_1_14' title="bbox 70 1128 974 1183; baseline 0.001 -13"><span class='ocrx_word' id='word_1_107' title='bbox 70 1132 131 1182; x_wconf 76' lang='lat' dir='ltr'>qrrod</span> <span class='ocrx_word' id='word_1_108' title='bbox 145 1142 211 1183; x_wconf 83' lang='lat' dir='ltr'>saepe</span> <span class='ocrx_word' id='word_1_109' title='bbox 225 1130 286 1183; x_wconf 80' lang='lat' dir='ltr'>leges</span> <span class='ocrx_word' id='word_1_110' title='bbox 301 1132 430 1171; x_wconf 88' lang='lat' dir='ltr'>communes</span> <span class='ocrx_word' id='word_1_111' title='bbox 440 1128 534 1171; x_wconf 78' lang='lat' dir='ltr'>&#39;ordinis</span> <span class='ocrx_word' id='word_1_112' title='bbox 547 1128 624 1170; x_wconf 87' lang='lat' dir='ltr'>nostri</span> <span class='ocrx_word' id='word_1_113' title='bbox 638 1129 700 1170; x_wconf 88' lang='lat' dir='ltr'>siout</span> <span class='ocrx_word' id='word_1_114' title='bbox 713 1130 736 1170; x_wconf 91' lang='lat' dir='ltr'>et</span> <span class='ocrx_word' id='word_1_115' title='bbox 751 1129 860 1170; x_wconf 87' lang='lat' dir='ltr'>ordinum</span> <span class='ocrx_word' id='word_1_116' title='bbox 875 1130 974 1172; x_wconf 87' lang='lat' dir='ltr'>aliorum</span> 
     </span>
     <span class='ocr_line' id='line_1_15' title="bbox 70 1202 980 1246; baseline -0.001 0"><span class='ocrx_word' id='word_1_117' title='bbox 70 1205 175 1246; x_wconf 78' lang='lat' dir='ltr'>excessit.</span> <span class='ocrx_word' id='word_1_118' title='bbox 192 1205 246 1245; x_wconf 91' lang='lat' dir='ltr'>Ideo</span> <span class='ocrx_word' id='word_1_119' title='bbox 263 1204 345 1246; x_wconf 74' lang='lat' dir='ltr'>sixtus</span> <span class='ocrx_word' id='word_1_120' title='bbox 359 1205 393 1244; x_wconf 86' lang='lat' dir='ltr'>IV</span> <span class='ocrx_word' id='word_1_121' title='bbox 407 1202 431 1243; x_wconf 90' lang='lat' dir='ltr'>in</span> <span class='ocrx_word' id='word_1_122' title='bbox 446 1203 509 1244; x_wconf 89' lang='lat' dir='ltr'>bulla</span> <span class='ocrx_word' id='word_1_123' title='bbox 526 1203 621 1244; x_wconf 77' lang='lat' dir='ltr'>«Sacra</span> <span class='ocrx_word' id='word_1_124' title='bbox 636 1202 752 1244; x_wconf 87' lang='lat' dir='ltr'>Minorum</span> <span class='ocrx_word' id='word_1_125' title='bbox 763 1218 774 1243; x_wconf 87' lang='grc'>»</span> <span class='ocrx_word' id='word_1_126' title='bbox 791 1202 837 1245; x_wconf 88' lang='lat' dir='ltr'>diei</span> <span class='ocrx_word' id='word_1_127' title='bbox 852 1205 880 1246; x_wconf 82' lang='lat'>30</span> <span class='ocrx_word' id='word_1_128' title='bbox 894 1204 980 1246; x_wconf 83' lang='lat' dir='ltr'>martii</span> 
     </span>
     <span class='ocr_line' id='line_1_16' title="bbox 70 1276 974 1328; baseline 0 -9"><span class='ocrx_word' id='word_1_129' title='bbox 70 1279 125 1319; x_wconf 70' lang='lat'>1473</span> <span class='ocrx_word' id='word_1_130' title='bbox 140 1290 223 1319; x_wconf 91' lang='lat' dir='ltr'>munus</span> <span class='ocrx_word' id='word_1_131' title='bbox 238 1280 261 1318; x_wconf 92' lang='lat' dir='ltr'>et</span> <span class='ocrx_word' id='word_1_132' title='bbox 277 1277 403 1319; x_wconf 76' lang='lat' dir='ltr'>facultates</span> <span class='ocrx_word' id='word_1_133' title='bbox 419 1278 577 1328; x_wconf 86' lang='lat' dir='ltr'>protectorum</span> <span class='ocrx_word' id='word_1_134' title='bbox 593 1276 701 1317; x_wconf 88' lang='lat' dir='ltr'>ordinum</span> <span class='ocrx_word' id='word_1_135' title='bbox 716 1276 899 1318; x_wconf 86' lang='lat' dir='ltr'>mendicantium</span> <span class='ocrx_word' id='word_1_136' title='bbox 916 1278 974 1319; x_wconf 88' lang='lat' dir='ltr'>deci-</span> 
     </span>
     <span class='ocr_line' id='line_1_17' title="bbox 71 1349 974 1404; baseline -0.001 -11"><span class='ocrx_word' id='word_1_137' title='bbox 71 1352 132 1394; x_wconf 61' lang='lat' dir='ltr'>dit-⁰⁴⁴.</span> <span class='ocrx_word' id='word_1_138' title='bbox 144 1353 193 1400; x_wconf 57' lang='lat' dir='ltr'>‘Sed</span> <span class='ocrx_word' id='word_1_139' title='bbox 207 1353 347 1404; x_wconf 82' lang='lat' dir='ltr'>potestatem</span> <span class='ocrx_word' id='word_1_140' title='bbox 361 1351 442 1391; x_wconf 80' lang='lat' dir='ltr'>tiorum</span> <span class='ocrx_word' id='word_1_141' title='bbox 456 1352 614 1403; x_wconf 83' lang='lat' dir='ltr'>protectorum</span> <span class='ocrx_word' id='word_1_142' title='bbox 628 1349 730 1399; x_wconf 87' lang='lat' dir='ltr'>limitare</span> <span class='ocrx_word' id='word_1_143' title='bbox 744 1350 863 1393; x_wconf 85' lang='lat' dir='ltr'>definitive</span> <span class='ocrx_word' id='word_1_144' title='bbox 877 1363 923 1393; x_wconf 92' lang='lat' dir='ltr'>non</span> <span class='ocrx_word' id='word_1_145' title='bbox 937 1364 974 1393; x_wconf 81' lang='lat' dir='ltr'>ua-</span> 
     </span>
     <span class='ocr_line' id='line_1_18' title="bbox 71 1424 980 1477; baseline -0.001 -11"><span class='ocrx_word' id='word_1_146' title='bbox 71 1427 123 1467; x_wconf 84' lang='lat' dir='ltr'>luit.</span> <span class='ocrx_word' id='word_1_147' title='bbox 140 1427 250 1477; x_wconf 77' lang='lat' dir='ltr'>Tempore</span> <span class='ocrx_word' id='word_1_148' title='bbox 266 1425 327 1466; x_wconf 91' lang='lat' dir='ltr'>enim</span> <span class='ocrx_word' id='word_1_149' title='bbox 344 1425 558 1467; x_wconf 74' lang='lat' dir='ltr'>labente‘r&#39;ecursus</span> <span class='ocrx_word' id='word_1_150' title='bbox 574 1424 605 1465; x_wconf 91' lang='lat' dir='ltr'>ad</span> <span class='ocrx_word' id='word_1_151' title='bbox 621 1426 774 1475; x_wconf 83' lang='lat' dir='ltr'>protectorem</span> <span class='ocrx_word' id='word_1_152' title='bbox 790 1424 880 1466; x_wconf 86' lang='lat' dir='ltr'>ordinis</span> <span class='ocrx_word' id='word_1_153' title='bbox 897 1425 980 1466; x_wconf 90' lang='lat' dir='ltr'>multi--</span> 
     </span>
     <span class='ocr_line' id='line_1_19' title="bbox 70 1496 974 1552; baseline 0 -12"><span class='ocrx_word' id='word_1_154' title='bbox 70 1500 219 1552; x_wconf 82' lang='lat' dir='ltr'>plicabantur</span> <span class='ocrx_word' id='word_1_155' title='bbox 237 1502 260 1541; x_wconf 90' lang='lat' dir='ltr'>et</span> <span class='ocrx_word' id='word_1_156' title='bbox 275 1510 360 1552; x_wconf 87' lang='lat' dir='ltr'>sensus</span> <span class='ocrx_word' id='word_1_157' title='bbox 380 1497 511 1539; x_wconf 84' lang='lat' dir='ltr'>ordinariae</span> <span class='ocrx_word' id='word_1_158' title='bbox 521 1496 744 1539; x_wconf 73' lang='lat' dir='ltr'>&#39;administrationis</span> <span class='ocrx_word' id='word_1_159' title='bbox 761 1498 829 1541; x_wconf 83' lang='lat' dir='ltr'>iuxta</span> <span class='ocrx_word' id='word_1_160' title='bbox 849 1498 974 1550; x_wconf 76' lang='lat' dir='ltr'>legislatio-</span> 
     </span>
     <span class='ocr_line' id='line_1_20' title="bbox 70 1570 978 1624; baseline 0 -11"><span class='ocrx_word' id='word_1_161' title='bbox 70 1586 121 1615; x_wconf 89' lang='lat' dir='ltr'>nem</span> <span class='ocrx_word' id='word_1_162' title='bbox 135 1572 247 1615; x_wconf 90' lang='lat' dir='ltr'>soobriam</span> <span class='ocrx_word' id='word_1_163' title='bbox 260 1584 287 1614; x_wconf 89' lang='lat' dir='ltr'>ac</span> <span class='ocrx_word' id='word_1_164' title='bbox 300 1572 387 1613; x_wconf 89' lang='lat' dir='ltr'>claram</span> <span class='ocrx_word' id='word_1_165' title='bbox 400 1574 504 1616; x_wconf 89' lang='lat' dir='ltr'>nostram</span> <span class='ocrx_word' id='word_1_166' title='bbox 516 1570 551 1612; x_wconf 90' lang='lat' dir='ltr'>ita</span> <span class='ocrx_word' id='word_1_167' title='bbox 564 1571 737 1623; x_wconf 76' lang='lat' dir='ltr'>obfuscabatur,</span> <span class='ocrx_word' id='word_1_168' title='bbox 747 1573 778 1612; x_wconf 88' lang='lat' dir='ltr'>ut</span> <span class='ocrx_word' id='word_1_169' title='bbox 792 1572 827 1612; x_wconf 87' lang='lat' dir='ltr'>vel</span> <span class='ocrx_word' id='word_1_170' title='bbox 840 1571 891 1624; x_wconf 89' lang='lat' dir='ltr'>ipse</span> <span class='ocrx_word' id='word_1_171' title='bbox 904 1572 978 1624; x_wconf 72' lang='lat' dir='ltr'>magi-&#39;</span> 
     </span>
     <span class='ocr_line' id='line_1_21' title="bbox 70 1645 978 1699; baseline -0.003 -11"><span class='ocrx_word' id='word_1_172' title='bbox 70 1650 118 1689; x_wconf 85' lang='lat' dir='ltr'>ster</span> <span class='ocrx_word' id='word_1_173' title='bbox 130 1646 249 1699; x_wconf 66' lang='lat' dir='ltr'>generalis</span> <span class='ocrx_word' id='word_1_174' title='bbox 257 1646 340 1688; x_wconf 79' lang='lat' dir='ltr'>Salvus</span> <span class='ocrx_word' id='word_1_175' title='bbox 353 1646 467 1697; x_wconf 77' lang='lat' dir='ltr'>Cassetta,</span> <span class='ocrx_word' id='word_1_176' title='bbox 480 1646 535 1686; x_wconf 91' lang='lat' dir='ltr'>dum</span> <span class='ocrx_word' id='word_1_177' title='bbox 547 1646 615 1691; x_wconf 77' lang='lat' dir='ltr'>entra</span> <span class='ocrx_word' id='word_1_178' title='bbox 628 1645 706 1686; x_wconf 91' lang='lat' dir='ltr'>urbem</span> <span class='ocrx_word' id='word_1_179' title='bbox 719 1646 823 1697; x_wconf 77' lang='lat' dir='ltr'>degebat,</span> <span class='ocrx_word' id='word_1_180' title='bbox 838 1645 978 1697; x_wconf 78' lang='lat' dir='ltr'>gubernium</span> 
     </span>
     <span class='ocr_line' id='line_1_22' title="bbox 70 1717 972 1772; baseline -0.003 -10"><span class='ocrx_word' id='word_1_181' title='bbox 70 1721 160 1763; x_wconf 85' lang='lat' dir='ltr'>ordinis</span> <span class='ocrx_word' id='word_1_182' title='bbox 178 1719 293 1772; x_wconf 78' lang='lat' dir='ltr'>cardinali</span> <span class='ocrx_word' id='word_1_183' title='bbox 311 1718 518 1761; x_wconf 82' lang='lat' dir='ltr'>Oliverio&#39;Oaraia</span> <span class='ocrx_word' id='word_1_184' title='bbox 536 1718 664 1770; x_wconf 87' lang='lat' dir='ltr'>protectori</span> <span class='ocrx_word' id='word_1_185' title='bbox 682 1717 770 1760; x_wconf 87' lang='lat' dir='ltr'>ordinis</span> <span class='ocrx_word' id='word_1_186' title='bbox 789 1718 972 1760; x_wconf 78' lang='lat' dir='ltr'>committeret²⁵.</span> 
     </span>
     <span class='ocr_line' id='line_1_23' title="bbox 71 1789 976 1845; baseline -0.002 -9"><span class='ocrx_word' id='word_1_187' title='bbox 71 1795 139 1836; x_wconf 69' lang='lat' dir='ltr'>Circa</span> <span class='ocrx_word' id='word_1_188' title='bbox 154 1806 240 1836; x_wconf 90' lang='lat' dir='ltr'>annum</span> <span class='ocrx_word' id='word_1_189' title='bbox 255 1794 310 1835; x_wconf 83' lang='lat'>1500</span> <span class='ocrx_word' id='word_1_190' title='bbox 325 1794 443 1845; x_wconf 88' lang='lat' dir='ltr'>protector</span> <span class='ocrx_word' id='word_1_191' title='bbox 458 1799 530 1843; x_wconf 84' lang='lat' dir='ltr'>supra</span> <span class='ocrx_word' id='word_1_192' title='bbox 545 1792 653 1833; x_wconf 87' lang='lat' dir='ltr'>ordinem</span> <span class='ocrx_word' id='word_1_193' title='bbox 666 1791 777 1844; x_wconf 72' lang='lat' dir='ltr'>latiusque</span> <span class='ocrx_word' id='word_1_194' title='bbox 794 1789 859 1845; x_wconf 82' lang='lat' dir='ltr'>leges</span> <span class='ocrx_word' id='word_1_195' title='bbox 872 1791 976 1834; x_wconf 82' lang='lat' dir='ltr'>domina-1</span> 
     </span>
     <span class='ocr_line' id='line_1_24' title="bbox 70 1870 921 1910; baseline -0.001 0"><span class='ocrx_word' id='word_1_196' title='bbox 70 1870 167 1910; x_wconf 63' lang='lat' dir='ltr'>nature.</span> <span class='ocrx_word' id='word_1_197' title='bbox 752 1875 753 1878; x_wconf 76' lang='grc'>’</span> <span class='ocrx_word' id='word_1_198' title='bbox 920 1872 921 1876; x_wconf 77' lang='grc'>’</span> 
     </span>
    </p>
   </div>
   <div class='ocr_carea' id='block_1_3' title="bbox 325 2091 746 2161">
    <p class='ocr_par' dir='ltr' id='par_1_3' title="bbox 325 2091 746 2161">
     <span class='ocr_line' id='line_1_25' title="bbox 325 2091 746 2161; baseline -0.002 -21"><span class='ocrx_word' id='word_1_199' title='bbox 325 2091 372 2141; x_wconf 91' lang='grc' dir='ltr'>ΙΙΙ.</span> <span class='ocrx_word' id='word_1_200' title='bbox 416 2091 475 2141; x_wconf 87' lang='lat' dir='ltr'>Vita</span> <span class='ocrx_word' id='word_1_201' title='bbox 494 2093 519 2140; x_wconf 83' lang='lat' dir='ltr'>ct</span> <span class='ocrx_word' id='word_1_202' title='bbox 533 2108 535 2111; x_wconf 87' lang='lat'>·</span> <span class='ocrx_word' id='word_1_203' title='bbox 547 2093 620 2139; x_wconf 83' lang='lat' dir='ltr'>actio</span> <span class='ocrx_word' id='word_1_204' title='bbox 633 2091 746 2161; x_wconf 65' lang='lat' dir='ltr'>tudinis.v</span> 
     </span>
    </p>
   </div>
   <div class='ocr_carea' id='block_1_4' title="bbox 290 2241 809 2320">
    <p class='ocr_par' dir='ltr' id='par_1_4' title="bbox 290 2241 809 2320">
     <span class='ocr_line' id='line_1_26' title="bbox 290 2241 809 2320; baseline -0.008 -23"><span class='ocrx_word' id='word_1_205' title='bbox 290 2255 292 2259; x_wconf 79' lang='grc'>’</span> <span class='ocrx_word' id='word_1_206' title='bbox 326 2249 345 2297; x_wconf 65' lang='lat' dir='ltr'>a)</span> <span class='ocrx_word' id='word_1_207' title='bbox 359 2261 422 2301; x_wconf 73' lang='lat' dir='ltr'>vrrs</span> <span class='ocrx_word' id='word_1_208' title='bbox 435 2242 466 2320; x_wconf 75' lang='lat' dir='ltr'>nr</span> <span class='ocrx_word' id='word_1_209' title='bbox 478 2241 555 2297; x_wconf 73' lang='lat' dir='ltr'>Aemo</span> <span class='ocrx_word' id='word_1_210' title='bbox 568 2258 717 2296; x_wconf 74' lang='lat' dir='ltr'>unnrerosr.</span> <span class='ocrx_word' id='word_1_211' title='bbox 731 2263 732 2266; x_wconf 41' lang='lat'>¹</span> <span class='ocrx_word' id='word_1_212' title='bbox 767 2312 769 2316; x_wconf 23' lang='grc' dir='ltr'>Ι</span> <span class='ocrx_word' id='word_1_213' title='bbox 793 2251 809 2316; x_wconf 63' lang='lat' dir='ltr'><em>J</em></span> 
     </span>
    </p>
   </div>
   <div class='ocr_carea' id='block_1_5' title="bbox 70 2386 975 3115">
    <p class='ocr_par' dir='ltr' id='par_1_5' title="bbox 71 2386 975 2671">
     <span class='ocr_line' id='line_1_27' title="bbox 126 2386 974 2454; baseline -0.011 -15"><span class='ocrx_word' id='word_1_214' title='bbox 126 2399 188 2439; x_wconf 84' lang='lat' dir='ltr'>Ordo</span> <span class='ocrx_word' id='word_1_215' title='bbox 201 2387 393 2454; x_wconf 84' lang='lat' dir='ltr'>Praedicatorum</span> <span class='ocrx_word' id='word_1_216' title='bbox 404 2394 521 2435; x_wconf 77' lang='lat' dir='ltr'>fundatus</span> <span class='ocrx_word' id='word_1_217' title='bbox 535 2396 571 2436; x_wconf 89' lang='lat' dir='ltr'>est</span> <span class='ocrx_word' id='word_1_218' title='bbox 585 2395 613 2434; x_wconf 90' lang='lat' dir='ltr'>ut</span> <span class='ocrx_word' id='word_1_219' title='bbox 627 2392 676 2433; x_wconf 89' lang='lat' dir='ltr'>eius</span> <span class='ocrx_word' id='word_1_220' title='bbox 691 2390 734 2431; x_wconf 89' lang='lat' dir='ltr'>filii</span> <span class='ocrx_word' id='word_1_221' title='bbox 746 2387 771 2431; x_wconf 67' lang='lat' dir='ltr'>&#39;et</span> <span class='ocrx_word' id='word_1_222' title='bbox 785 2386 974 2441; x_wconf 70' lang='lat' dir='ltr'>fratresenpie&#39;:</span> 
     </span>
     <span class='ocr_line' id='line_1_28' title="bbox 71 2462 975 2522; baseline -0.009 -12"><span class='ocrx_word' id='word_1_223' title='bbox 71 2471 177 2512; x_wconf 86' lang='lat' dir='ltr'>nitudine</span> <span class='ocrx_word' id='word_1_224' title='bbox 197 2469 403 2522; x_wconf 83' lang='lat' dir='ltr'>contemplationis</span> <span class='ocrx_word' id='word_1_225' title='bbox 423 2480 499 2509; x_wconf 91' lang='lat' dir='ltr'>rerum</span> <span class='ocrx_word' id='word_1_226' title='bbox 519 2467 656 2508; x_wconf 85' lang='lat' dir='ltr'>divinarum</span> <span class='ocrx_word' id='word_1_227' title='bbox 674 2467 697 2506; x_wconf 90' lang='lat' dir='ltr'>et</span> <span class='ocrx_word' id='word_1_228' title='bbox 713 2462 975 2505; x_wconf 66' lang='lat' dir='ltr'>christianarum.‘aliis&#39;</span> 
     </span>
     <span class='ocr_line' id='line_1_29' title="bbox 71 2534 974 2595; baseline -0.012 -10"><span class='ocrx_word' id='word_1_229' title='bbox 71 2536 274 2586; x_wconf 83' lang='lat' dir='ltr'>communicarent.</span> <span class='ocrx_word' id='word_1_230' title='bbox 289 2542 385 2595; x_wconf 88' lang='lat' dir='ltr'>Impleri</span> <span class='ocrx_word' id='word_1_231' title='bbox 397 2549 450 2594; x_wconf 81' lang='lat' dir='ltr'>ergo</span> <span class='ocrx_word' id='word_1_232' title='bbox 462 2553 530 2582; x_wconf 87' lang='lat' dir='ltr'>sacra</span> <span class='ocrx_word' id='word_1_233' title='bbox 542 2539 642 2581; x_wconf 88' lang='lat' dir='ltr'>veritate</span> <span class='ocrx_word' id='word_1_234' title='bbox 653 2537 718 2590; x_wconf 84' lang='lat' dir='ltr'>prius</span> <span class='ocrx_word' id='word_1_235' title='bbox 730 2534 818 2579; x_wconf 80' lang='lat' dir='ltr'>fratres</span> <span class='ocrx_word' id='word_1_236' title='bbox 830 2534 926 2590; x_wconf 82' lang='lat' dir='ltr'>oportet:</span> <span class='ocrx_word' id='word_1_237' title='bbox 934 2546 974 2577; x_wconf 86' lang='lat' dir='ltr'>an-</span> 
     </span>
     <span class='ocr_line' id='line_1_30' title="bbox 71 2617 776 2671; baseline -0.004 -12"><span class='ocrx_word' id='word_1_238' title='bbox 71 2621 163 2671; x_wconf 82' lang='lat' dir='ltr'>tequam</span> <span class='ocrx_word' id='word_1_239' title='bbox 177 2617 295 2660; x_wconf 67' lang='lat' dir='ltr'>eam&#39;aliis</span> <span class='ocrx_word' id='word_1_240' title='bbox 309 2617 413 2658; x_wconf 76' lang='lat' dir='ltr'>tradant,</span> <span class='ocrx_word' id='word_1_241' title='bbox 467 2623 468 2626; x_wconf 76' lang='grc'>’</span> <span class='ocrx_word' id='word_1_242' title='bbox 621 2617 622 2620; x_wconf 73' lang='grc'>’</span> <span class='ocrx_word' id='word_1_243' title='bbox 772 2620 776 2624; x_wconf 76' lang='grc'>”</span> 
     </span>
    </p>

    <p class='ocr_par' dir='ltr' id='par_1_6' title="bbox 70 2684 974 3115">
     <span class='ocr_line' id='line_1_31' title="bbox 127 2684 973 2744; baseline -0.014 -11"><span class='ocrx_word' id='word_1_244' title='bbox 127 2692 297 2744; x_wconf 71' lang='lat' dir='ltr'>Contemplatio</span> <span class='ocrx_word' id='word_1_245' title='bbox 316 2693 394 2732; x_wconf 89' lang='lat' dir='ltr'>autem</span> <span class='ocrx_word' id='word_1_246' title='bbox 411 2689 482 2731; x_wconf 79' lang='lat' dir='ltr'>tratri</span> <span class='ocrx_word' id='word_1_247' title='bbox 499 2685 662 2730; x_wconf 87' lang='lat' dir='ltr'>Praedicatori</span> <span class='ocrx_word' id='word_1_248' title='bbox 679 2685 808 2727; x_wconf 86' lang='lat' dir='ltr'>necessaria</span> <span class='ocrx_word' id='word_1_249' title='bbox 826 2686 862 2726; x_wconf 86' lang='lat' dir='ltr'>vel</span> <span class='ocrx_word' id='word_1_250' title='bbox 881 2684 906 2723; x_wconf 89' lang='lat' dir='ltr'>in</span> <span class='ocrx_word' id='word_1_251' title='bbox 924 2693 973 2723; x_wconf 89' lang='lat' dir='ltr'>ora-</span> 
     </span>
     <span class='ocr_line' id='line_1_32' title="bbox 72 2754 974 2816; baseline -0.013 -9"><span class='ocrx_word' id='word_1_252' title='bbox 72 2755 135 2807; x_wconf 87' lang='lat' dir='ltr'>tione</span> <span class='ocrx_word' id='word_1_253' title='bbox 152 2754 186 2807; x_wconf 75' lang='lat' dir='ltr'>uel</span> <span class='ocrx_word' id='word_1_254' title='bbox 202 2766 226 2806; x_wconf 91' lang='lat' dir='ltr'>in</span> <span class='ocrx_word' id='word_1_255' title='bbox 244 2758 381 2806; x_wconf 51' lang='lat' dir='ltr'>stadio&#39;aut</span> <span class='ocrx_word' id='word_1_256' title='bbox 397 2763 475 2816; x_wconf 90' lang='lat' dir='ltr'>potius</span> <span class='ocrx_word' id='word_1_257' title='bbox 491 2756 517 2802; x_wconf 89' lang='lat' dir='ltr'>in</span> <span class='ocrx_word' id='word_1_258' title='bbox 534 2762 633 2812; x_wconf 82' lang='lat' dir='ltr'>utroque</span> <span class='ocrx_word' id='word_1_259' title='bbox 649 2759 718 2802; x_wconf 90' lang='lat' dir='ltr'>simul</span> <span class='ocrx_word' id='word_1_260' title='bbox 734 2759 861 2802; x_wconf 87' lang='lat' dir='ltr'>obtinetur.</span> <span class='ocrx_word' id='word_1_261' title='bbox 874 2758 974 2807; x_wconf 78' lang='lat' dir='ltr'>Semper</span> 
     </span>
     <span class='ocr_line' id='line_1_33' title="bbox 71 2828 973 2888; baseline -0.012 -7"><span class='ocrx_word' id='word_1_262' title='bbox 71 2828 133 2882; x_wconf 85' lang='lat' dir='ltr'>enim</span> <span class='ocrx_word' id='word_1_263' title='bbox 149 2851 252 2881; x_wconf 84' lang='lat' dir='ltr'>accessus</span> <span class='ocrx_word' id='word_1_264' title='bbox 269 2839 300 2879; x_wconf 90' lang='lat' dir='ltr'>ad</span> <span class='ocrx_word' id='word_1_265' title='bbox 316 2838 437 2879; x_wconf 89' lang='lat' dir='ltr'>veritatem</span> <span class='ocrx_word' id='word_1_266' title='bbox 453 2835 553 2888; x_wconf 89' lang='lat' dir='ltr'>primam</span> <span class='ocrx_word' id='word_1_267' title='bbox 570 2832 620 2874; x_wconf 86' lang='lat' dir='ltr'>fieri</span> <span class='ocrx_word' id='word_1_268' title='bbox 636 2834 709 2887; x_wconf 78' lang='lat' dir='ltr'>debet,</span> <span class='ocrx_word' id='word_1_269' title='bbox 726 2835 756 2875; x_wconf 88' lang='lat' dir='ltr'>ad</span> <span class='ocrx_word' id='word_1_270' title='bbox 772 2844 842 2885; x_wconf 87' lang='lat' dir='ltr'>quam</span> <span class='ocrx_word' id='word_1_271' title='bbox 853 2829 973 2881; x_wconf 73' lang='lat' dir='ltr'>doctrina</span> 
     </span>
     <span class='ocr_line' id='line_1_34' title="bbox 70 2900 973 2966; baseline -0.016 -9"><span class='ocrx_word' id='word_1_272' title='bbox 70 2916 147 2966; x_wconf 58' lang='lat' dir='ltr'>rerico,</span> <span class='ocrx_word' id='word_1_273' title='bbox 162 2902 269 2954; x_wconf 51' lang='lat' dir='ltr'>‘actione&#39;</span> <span class='ocrx_word' id='word_1_274' title='bbox 280 2912 466 2963; x_wconf 87' lang='lat' dir='ltr'>praedicatorum</span> <span class='ocrx_word' id='word_1_275' title='bbox 477 2902 533 2961; x_wconf 82' lang='lat' dir='ltr'>ipsi</span> <span class='ocrx_word' id='word_1_276' title='bbox 553 2906 626 2948; x_wconf 90' lang='lat' dir='ltr'>animi</span> <span class='ocrx_word' id='word_1_277' title='bbox 645 2905 794 2949; x_wconf 78' lang='lat' dir='ltr'>convertendi</span> <span class='ocrx_word' id='word_1_278' title='bbox 814 2907 838 2945; x_wconf 89' lang='lat' dir='ltr'>et</span> <span class='ocrx_word' id='word_1_279' title='bbox 859 2900 973 2955; x_wconf 75' lang='lat' dir='ltr'>dirigendi</span> 
     </span>
     <span class='ocr_line' id='line_1_35' title="bbox 71 2973 973 3038; baseline -0.014 -8"><span class='ocrx_word' id='word_1_280' title='bbox 71 2977 126 3030; x_wconf 85' lang='lat' dir='ltr'>suut</span> <span class='ocrx_word' id='word_1_281' title='bbox 151 2980 196 3028; x_wconf 86' lang='lat' dir='ltr'>Hic</span> <span class='ocrx_word' id='word_1_282' title='bbox 211 2973 274 3026; x_wconf 89' lang='lat' dir='ltr'>nunc</span> <span class='ocrx_word' id='word_1_283' title='bbox 291 2985 318 3026; x_wconf 93' lang='lat' dir='ltr'>de</span> <span class='ocrx_word' id='word_1_284' title='bbox 334 2984 438 3026; x_wconf 87' lang='lat' dir='ltr'>oratione</span> <span class='ocrx_word' id='word_1_285' title='bbox 453 2985 504 3038; x_wconf 87' lang='lat' dir='ltr'>tum</span> <span class='ocrx_word' id='word_1_286' title='bbox 519 2981 631 3034; x_wconf 80' lang='lat' dir='ltr'>liturgica</span> <span class='ocrx_word' id='word_1_287' title='bbox 647 2984 697 3023; x_wconf 89' lang='lat' dir='ltr'>tum</span> <span class='ocrx_word' id='word_1_288' title='bbox 712 2980 806 3034; x_wconf 85' lang='lat' dir='ltr'>privata</span> <span class='ocrx_word' id='word_1_289' title='bbox 823 2976 912 3030; x_wconf 68' lang='lat' dir='ltr'>ordinis</span> <span class='ocrx_word' id='word_1_290' title='bbox 929 2988 973 3024; x_wconf 61' lang='lat' dir='ltr'>ser÷</span> 
     </span>
     <span class='ocr_line' id='line_1_36' title="bbox 70 3047 974 3115; baseline -0.013 -11"><span class='ocrx_word' id='word_1_291' title='bbox 70 3052 107 3106; x_wconf 89' lang='lat' dir='ltr'>mo</span> <span class='ocrx_word' id='word_1_292' title='bbox 117 3053 151 3115; x_wconf 85' lang='lat' dir='ltr'>fit,</span> <span class='ocrx_word' id='word_1_293' title='bbox 163 3063 190 3104; x_wconf 92' lang='lat' dir='ltr'>de</span> <span class='ocrx_word' id='word_1_294' title='bbox 199 3061 265 3102; x_wconf 86' lang='lat' dir='ltr'>cultu</span> <span class='ocrx_word' id='word_1_295' title='bbox 276 3047 423 3100; x_wconf 83' lang='lat' dir='ltr'>devotionum</span> <span class='ocrx_word' id='word_1_296' title='bbox 433 3048 612 3108; x_wconf 83' lang='lat' dir='ltr'>particularium</span> <span class='ocrx_word' id='word_1_297' title='bbox 622 3058 645 3097; x_wconf 88' lang='lat' dir='ltr'>et</span> <span class='ocrx_word' id='word_1_298' title='bbox 655 3050 734 3097; x_wconf 89' lang='lat' dir='ltr'>earum</span> <span class='ocrx_word' id='word_1_299' title='bbox 743 3047 838 3093; x_wconf 72' lang='lat' dir='ltr'>influxu</span> <span class='ocrx_word' id='word_1_300' title='bbox 849 3051 874 3091; x_wconf 90' lang='lat' dir='ltr'>in</span> <span class='ocrx_word' id='word_1_301' title='bbox 885 3050 974 3092; x_wconf 89' lang='lat' dir='ltr'>utilita-</span> 
     </span>
    </p>
   </div>
   <div class='ocr_carea' id='block_1_6' title="bbox 0 0 1101 3178">
    <p class='ocr_par' dir='ltr' id='par_1_7' title="bbox 0 0 1101 3178">
     <span class='ocr_line' id='line_1_37' title="bbox 0 0 1101 3178; baseline 0 0"><span class='ocrx_word' id='word_1_302' title='bbox 0 0 1101 3178; x_wconf 95' lang='lat' dir='ltr'> </span> 
     </span>
    </p>
   </div>
  </div>
 </body>
</html>
