2188 3178
102 65 128 104 22
325 88 327 90 »
446 59 539 101 Iivolutio
553 67 652 107 generalis

101 191 209 245 sumitur,
224 194 301 233 tamen
315 204 361 234 non
375 193 512 245 simpliciter
526 195 625 235 formam
639 195 788 236 exsistentem
802 195 903 248 recipere
917 198 1002 250 potuit.

101 266 154 316 Ipse
169 265 229 307 enim
238 266 275 307 'ad
289 266 337 307 tria
351 269 406 308 vota
421 267 572 320 obedientiae,
589 268 717 320 castitatis,
733 269 880 321 paupertatis
896 272 1003 321 quodam-

101 341 168 382 modo
189 340 346 391 apostolatum
366 342 484 392 tamquam
505 352 587 382 novam
609 342 774 395 obligationem
795 342 894 394 addidit,
916 345 1003 386 formas
1040 387 1042 390 ,

100 413 326 463 praeiacentestum
344 410 495 456 monasticam
512 416 563 455 tum
581 416 738 457 canonicalem
757 417 873 458 excedens.
894 417 1003 460 Probabi-

100 486 146 530 lius
162 487 354 530 InnocentioIH
370 499 452 529 novam
469 489 590 540 quamdam
607 490 711 545 regulam
727 503 742 531 a
758 502 782 532 se
798 490 934 542 dispositam
951 493 1006 533 sub·

100 559 164 602 misit
178 561 359 615 approbandam,
375 561 400 601 in
415 572 460 613 qna
473 573 567 603 normae
582 563 610 604 de
624 565 771 615 paupertate,
788 565 816 606 de
830 564 1003 617 praedicatione

99 627 122 674 et
136 635 248 686 quaedam
262 637 353 677 statuta
366 647 408 687 pro
422 635 471 677 vita
485 636 601 677 communi
616 636 832 679 determinabantm
847 640 931 689 absque
945 639 1002 678 111111-

100 707 222 759 tiplicibus
234 709 363 761 praeceptis
376 708 511 751 monasticis
523 709 559 750 vel
572 710 774 752 canonicalibusu.

156 783 242 824 Eodem
254 784 364 834 tempore,
377 782 402 822 in
416 794 460 834 quo
473 771 624 825 Innocentius
638 785 678 825 III
691 786 714 825 et
728 784 852 825 concilium
865 786 1003 826 Lateranen-

101 847 179 897 se'IV
196 856 355 898 necessitatem
374 856 557 908 praedicationis
575 856 709 898 ordinariae
727 858 858 909 probabant
877 860 900 899 et
918 858 1003 900 sollici-

100 930 192 981 tabant,
211 930 294 982 iorma,
313 929 338 970 in
357 941 402 982 qua
420 929 557 972 Dominicus
575 942 633 982 opus
652 942 719 971 suum
738 931 920 982 praedicationis
939 944 1003 983 prae-

68 1006 69 1009 ’
101 1007 193 1045 sentare
205 1003 348 1056 intendebat,
363 1004 465 1045 favorem
478 1004 557 1045 curiae
570 1016 617 1045 non
630 1004 725 1056 recepit.
742 1005 797 1046 Ideo
812 1004 947 1046 Dominicus
962 1007 1003 1047 Ec-

100 1077 184 1119 clesiae
197 1077 271 1121 fidelis
284 1077 391 1119 minister
403 1078 433 1119 ad
446 1077 552 1130 quaesita
564 1078 643 1119 curiae
657 1090 680 1120 se
693 1079 849 1130 conformans,
864 1078 925 1120 sicut
939 1079 1003 1121 unio-

99 1163 151 1192 nem
163 1151 287 1192 sacerdotii
298 1153 321 1192 et
332 1150 474 1204 apostolicae
484 1151 546 1193 ritae
558 1151 669 1193 instituto
682 1164 723 1193 suo
735 1151 869 1193 felicissime
880 1152 1001 1205 expressit,

100 1224 135 1265 ita
151 1236 212 1266 nunc
229 1224 414 1266 coniunctionem
430 1224 567 1266 traditionis
583 1223 699 1277 regularis
716 1237 767 1266 cum
785 1226 919 1277 apostolatu
936 1227 1002 1278 perii-

99 1298 204 1340 ciendam
220 1298 328 1352 suscepit.
346 1300 377 1340 Et
391 1298 417 1339 in
432 1298 475 1340 liae
490 1301 558 1350 parte
573 1299 687 1351 explenda
702 1298 884 1340 benedictionem
900 1299 1002 1341 divinam

99 1372 208 1414 obtinuit.
227 1372 326 1414 Insimul
342 1384 394 1414 cum
410 1372 492 1424 primis
508 1372 623 1414 iratribus
639 1373 704 1414 velut
720 1372 882 1413 assumendam
899 1373 1002 1425 regulam

99 1446 168 1499 elegit
180 1446 247 1487 illam
262 1447 285 1488 S.
301 1445 436 1499 Augustini,
452 1432 509 1498 quae
523 1446 569 1498 ipsi
578 1446 705 1501 Dominioo
720 1458 748 1487 ex
762 1448 864 1497 tempore
879 1446 1001 1489 Oxomensi

98 1519 223 1561 familiaris
239 1520 372 1561 exsistebat.
390 1517 420 1561 Vi
436 1519 560 1561 decisionis
575 1531 636 1561 anno
652 1521 706 1561 1216
723 1519 859 1561 Dominious
876 1522 899 1560 et
915 1521 1002 1561 iratres
1021 1561 1022 1566 ,

87 1593 133 1636 ,sni
154 1592 268 1646 primitivi
287 1593 401 1638 familiam
420 1593 610 1646 augustinianam
629 1593 801 1646 ampliarunt20.
822 1595 879 1635 Post
898 1594 1001 1646 regulam

98 1668 195 1709 electam
207 1667 370 1708 institutiones
382 1668 500 1720 eligendae
513 1666 649 1709 erant'Hic
661 1666 856 1719 historiographis
870 1679 917 1708 nou
929 1678 1001 1718 parva

97 1741 221 1783 difficultas
237 1740 346 1790 occurrit.
361 1743 425 1793 Quae
442 1748 518 1783 autem
537 1742 581 1782 hac
598 1741 797 1782 animadversione
816 1741 924 1782 solvenda
941 1741 1001 1783 vide-

97 1817 145 1868 tur,
160 1817 221 1868 qnod
234 1828 261 1857 ex
273 1815 481 1858 constitutionibus
494 1815 602 1856 ordinum
616 1815 799 1868 approbatorum
813 1814 950 1865 praesertim
964 1827 1000 1856 ca-

98 1891 233 1931 nonicorum
249 1889 522 1941 Praemonstratensinm,
540 1888 667 1930 sedetiam
684 1888 848 1930 monachorum
865 1886 1001 1929 010101οί011-

97 1959 158 2006 sium
169 1949 364 2015 «assumpserunt,
376 1963 436 2015 quod
445 1963 551 2014 arduum,
563 1962 624 2014 quod
633 1963 749 2008 decorum.
761 1962 822 2013 quod
833 1961 957 2002 discretum
967 1960 1001 2000 in-

71 2040 72 2043 ’
97 2040 209 2079 venerunt
218 2038 243 2078 in
252 2037 309 2090 illis,
321 2037 341 2078 si
350 2039 481 2089 competens
491 2038 638 2088 reputarunt.
651 2037 704 2077 Non
714 2033 819 2077 contenti
829 2036 907 2075 antem
918 2033 966 2076 illis
976 2042 999 2075 a:

97 2110 129 2152 lia
141 2112 215 2153 multa
227 2111 445 2163 superaddiderunt,
459 2112 482 2151 et
493 2110 578 2152 addere
589 2121 636 2150 non
648 2111 741 2150 cessant
752 2108 777 2148 in
790 2106 900 2159 capitulis
913 2119 999 2150 annua-

97 2184 165 2237 libus,
180 2184 366 2237 praerogativam
381 2170 470 2225 ordinis
485 2183 548 2224 beati
562 2173 691 2236 Augustini
705 2181 750 2223 sibi
763 2192 811 2222 non
826 2181 900 2222 solum
915 2181 999 2223 doctri-

97 2270 140 2299 nae
152 2260 175 2300 ct
188 2257 370 2310 praedicationis
382 2257 467 2309 officio,
482 2259 522 2299 sed
534 2259 558 2298 et
570 2256 633 2298 'ritae
645 2254 729 2297 merito
743 2253 917 2296 vindicantes».
933 2255 999 2305 Quod

96 2331 132 2373 his
143 2332 218 2374 verbis
230 2332 394 2373 Humbertus21
407 2333 497 2382 narrat,
509 2331 535 2372 id
546 2314 725 2371 cum'relatione
737 2327 853 2370 Iordani²²
866 2330 997 2380 concordat,
1019 2356 1021 2363 ,

97 2406 136 2457 qui
151 2407 230 2458 refert,
248 2408 304 2447 tunc
319 2416 388 2457 super
403 2405 506 2456 regulam
523 2404 635 2456 quasdam
651 2401 830 2444 consuetudines
846 2402 958 2444 arctiores
973 2414 999 2442 m

98 2479 158 2528 110111
174 2482 197 2520 01
210 2479 297 2521 ieiunio
312 2481 335 2520 et
350 2479 416 2520 lectis
430 2480 453 2519 et
468 2477 542 2519 laneis
557 2477 630 2518 fuisse
645 2476 785 2526 assumptas.
804 2487 815 2514 a
825 2476 999 2527 Proposuerzmt

96 2553 166 2594 etiam
181 2555 204 2594 et
218 2553 373 2594 instituerunt
387 2552 544 2604 possessiones
558 2542 609 2591 non
620 2550 704 2590 habere
718 2559 747 2588 110
762 2548 942 2600 praedicationis
957 2548 998 2588 im-

97 2626 214 2678 pediretur
230 2626 333 2667 cilicium
348 2625 507 2675 sollicitudine
522 2626 676 2673 terrenorum,
695 2622 735 2663 sed
750 2623 842 2663 tantum
858 2621 947 2663 reditus
965 2621 998 2662 eis

93 2700 170 2741 adimo
187 2700 270 2741 habere
288 2699 428 2752 complacuit
438 2712 458 2739 n.

64 2757 66 2760 ⁵
151 2774 203 2814 nisi
220 2758 251 2814 in
262 2772 494 2814 determinationibus
511 2770 604 2823 regulae
622 2771 645 2809 et
662 2769 758 2811 maioris
774 2769 851 2823 partis
868 2768 996 2809 institutio-

93 2841 149 2889 num
169 2847 199 2887 ad
218 2848 310 2887 nudum
328 2846 387 2887 iuris
405 2848 463 2887 tunc
481 2842 583 2896 vigentis
601 2843 727 2895 assumptis
747 2843 860 2895 quaedam
880 2840 996 2884 restrictio

95 2922 159 2963 ideae
177 2920 318 2973 apostolicae
335 2919 412 2961 sancti.
429 2916 563 2959 fundatoris
581 2928 693 2968 apparere
712 2918 813 2970 poterat,
833 2914 996 2956 limitationem

95 2998 153 3037 banc
172 2994 258 3047 spiritu
277 2992 420 3040 obedientiae
439 2990 573 3033 Dominicus
592 2990 649 3032 tulit
667 2993 691 3033 et
709 2991 758 3031 Deo
776 2989 871 3030 iuvante
890 2991 913 3030 et
931 2988 997 3031 ouria
1038 3021 1039 3025 ,
