2101 3187
401 57 503 90 l'rovinciu
521 56 634 90 Dalmatiae
678 78 680 80 -
933 58 973 97 221

64 194 119 224 suas
137 182 285 234 applicuerit.
305 182 390 226 Studia
407 183 544 235 praesertim
560 184 641 225 Budae
658 183 783 230 florebant.
803 184 970 226 Observantiae

64 258 143 298 status
155 257 247 299 saeculo
260 258 299 300 XV
312 258 407 299 ineunte
420 257 476 300 talis
488 258 543 310 init,
558 260 585 299 ut
599 259 697 299 Ioannes
712 258 829 300 Dominici
842 257 970 299 cardinalis

48 364 49 367 ,
65 333 89 373 et
101 331 192 383 legatus
206 332 286 374 Budae
299 333 329 374 ad
342 333 444 373 extrema
458 332 551 375 veniens
563 344 609 374 non
623 332 686 385 apud
699 332 786 377 iratres
799 332 915 384 proprios,
930 332 970 374 sed

59 406 128 463 apud
138 405 211 446 alium
222 405 326 448 ordinem
338 405 533 448 observantiorem
544 405 638 458 sepeliri
650 405 757 447 voluerit.
771 406 880 459 Hungari
891 405 969 448 Domi-

64 479 143 521 nicani
156 479 238 523 deinde
250 479 372 522 reformati
384 481 446 521 sunt.
733 490 734 493 ’

14 540 16 543 ’
120 553 243 596 Provincia
255 553 398 594 Doinmttaa²
410 566 451 606 per
462 554 549 596 bullam
562 553 652 601 Urbani
664 555 698 595 VI
711 554 748 595 die
760 555 772 595 3
786 554 866 595 martii
877 555 931 596 1380
944 554 968 595 in

61 628 184 681 specialem
200 630 311 672 ditionem
326 628 415 671 ordinis
430 622 618 671 Praedicatorum
633 631 684 671 eta
700 629 819 681 provincia
828 627 969 682 'Hunga-riae

60 704 198 761 distinctam
208 705 339 748 constituta
348 707 383 746 est
393 717 445 747 cum
455 704 491 746 his
501 705 651 750 conventibus
662 706 685 747 et
695 704 753 746 locis
764 703 901 756 Duracensi,
914 699 968 745 Scu-

63 779 159 832 tarensi,
171 778 316 831 Dulcinensi,
328 778 473 832 Gatharensi,
485 778 610 832 Ragusino,
623 778 746 830 Quarensi,
759 774 901 830 spalatensi,
913 777 967 818 [lra-
1030 766 1043 797 Ὗ

59 852 171 907 guriensi,
184 852 331 906 Sibinicensi‚
350 853 463 907 Iadrensi,
474 852 598 907 Vegliensi,
617 853 728 905 Nouensi,
741 852 870 905 Segniensi,
881 852 968 892 Arben-

59 930 81 971 si
92 941 181 972 necnon
192 928 269 972 tribus
280 929 430 972 conventibus
443 943 454 970 e
466 930 602 971 Lonibardia
615 928 725 969 inferiore
738 927 837 978 sumptis
849 925 966 976 Utinensi,

61 1002 209 1056 civitatensi,
226 1002 431 1061 Iustinopolitano.
448 1004 570 1044 Deiectum
583 1000 761 1055 approbationis
775 1002 798 1062 et
812 997 968 1041 confirmatio-

62 1075 177 1129 nis-huius
187 1088 258 1118 novae
267 1076 400 1129 provinciae
408 1088 449 1129 per
458 1076 561 1128 capitula
571 1075 659 1118 ordinis
668 1074 830 1116 faciendarum
839 1086 867 1116 ex
876 1075 967 1126 aposto-

33 1144 35 1146 *
61 1152 107 1193 lica
120 1151 328 1204 plenitudine'ipse
341 1152 407 1203 Papa
420 1152 529 1203 supplens
543 1151 675 1202 provincia-e
689 1150 823 1191 Dalmatiae
837 1161 863 1190 ex
878 1160 967 1189 conces-

9 1276 10 1280 ,
59 1224 125 1266 sione
134 1225 211 1265 bullae
220 1236 276 1266 suae
285 1223 363 1265 omnia
371 1224 424 1265 iura
433 1226 456 1266 et
466 1223 594 1278 privilegia,
606 1223 689 1276 quibus
699 1222 759 1264 aliae
769 1220 902 1274 provinciae
912 1231 967 1273 gau-

62 1299 124 1350 dent,
138 1298 163 1338 in
176 1301 313 1350 perpetuum
325 1297 417 1339 tribuit.

31 1362 33 1367 ’
117 1370 244 1412 Divisionis
257 1384 271 1412 a
281 1372 400 1424 provincia
413 1372 535 1424 Hungaria
547 1371 652 1413 rationes
661 1371 740 1423 plures
752 1373 827 1424 erant,
841 1372 966 1424 praecipue

56 1445 163 1490 extensio
175 1446 272 1487 ditionis
284 1447 431 1499 hungaricae,
444 1449 472 1494 ob
484 1459 551 1498 quam
564 1445 701 1498 provinciali
713 1447 748 1488 vel
760 1447 810 1487 eius
821 1446 916 1488 vicariis
928 1459 965 1487 ne-

59 1519 150 1571 gotium
166 1519 308 1561 visitationis
325 1519 421 1562 diificile
436 1519 517 1562 evasit.
535 1521 580 1562 Sed
595 1522 619 1560 et
634 1519 703 1571 aliae,
721 1530 779 1571 quae
794 1520 911 1571 tacentur,
928 1531 965 1561 ra-

61 1592 135 1633 tiones
156 1593 186 1634 ad
207 1593 376 1644 separationem
397 1595 525 1646 movebant,
547 1592 671 1645 praecipue
691 1592 840 1645 congregatio
861 1592 964 1635 nationis

56 1668 175 1709 oroaticae
192 1668 217 1707 in
234 1668 354 1720 proprium
371 1668 503 1710 districtum
520 1668 741 1712 administrationis.

114 1743 148 1784 De
163 1744 227 1784 iacto
242 1748 368 1786 conventus
383 1745 515 1797 Ragusinus
531 1747 619 1797 primus
634 1749 664 1789 ad
679 1748 751 1790 litora
766 1750 899 1792 Dalmatiae
913 1753 966 1792 iun-

56 1818 128 1859 datus
142 1820 177 1860 est
190 1819 252 1872 1225,
267 1819 449 1871 independenter
461 1822 492 1871 ab
503 1822 594 1863 actione
607 1823 709 1864 fratrum
724 1824 860 1877 Hungariae
874 1825 965 1877 provin-

59 1889 115 1931 ciae.
128 1890 260 1934 Conventus
271 1893 386 1935 Nouensis
396 1895 419 1935 et
430 1894 620 1947 Iadrensis1228,
634 1896 805 1950 Zagrabiensis‚
818 1897 964 1940 Ohasmensis

58 1964 204 2015 Spalatensis
215 1970 270 2008 ante
280 1979 366 2009 annum
377 1968 431 2010 1245
443 1969 554 2022 originem
566 1970 690 2012 duxerunt.
703 1972 811 2013 Praeiuit
821 1973 857 2014 his
869 1985 964 2014 conven.

58 2037 122 2078 tibus
133 2038 266 2080 Dalmatiae
276 2040 341 2081 intra
352 2041 498 2095 compagines
508 2043 640 2094 provinciae
651 2043 788 2096 Hungariae
799 2044 899 2086 vicinius
911 2055 963 2097 pro-

59 2109 172 2152 vincialis.
186 2112 236 2153 Imo
248 2113 340 2166 saepius
351 2115 421 2156 etiam
433 2116 461 2156 de
471 2115 557 2157 vricrnrio
569 2116 676 2169 magistri
688 2117 777 2158 ordinis
789 2130 831 2170 pro
843 2119 964 2160 Dalmatia

55 2196 130 2225 sermo
143 2184 167 2225 in
181 2187 324 2230 documentis
333 2189 445 2231 ¹occurrit¹
460 2192 499 2232 lta
511 2191 597 2232 iratres
609 2192 741 2240 Marcellus,
757 2193 857 2234 Ioannes
871 2194 962 2238 Caelos,

58 2258 163 2299 Andreas
178 2259 316 2313 Vegliensis,
334 2262 431 2304 Thomas
447 2264 527 2305 Zocclo
542 2263 624 2305 vicarii
639 2264 792 2316 provincialis
806 2268 861 2307 ante
876 2272 963 2308 aunum

58 2332 112 2372 1347
126 2334 200 2383 erant,
216 2333 273 2374 dum
283 2339 376 2386 praeter
388 2336 520 2379 huiusmodi
530 2327 645 2378 vicarium
659 2337 684 2378 in
698 2339 762 2380 bulla
776 2339 823 2380 diei
836 2341 863 2381 iv
877 2340 963 2381 decem-

58 2406 106 2447 bris
121 2406 175 2447 1345
190 2406 298 2456 specialis
313 2409 414 2452 vicarius
428 2411 541 2467 generalis
557 2411 700 2464 nominatur,
717 2413 755 2453 cui
770 2413 873 2455 facultas
889 2414 916 2454 fit
931 2414 963 2455 lo-

59 2492 97 2521 cos
118 2478 222 2531 (iathari,
246 2481 346 2525 scodrae
370 2484 481 2536 (scutarii
505 2484 649 2526 «civitatum
671 2486 805 2538 provinciae
825 2487 962 2539 Hungariae
991 2513 992 2516 =

58 2555 100 2595 sub
115 2552 215 2594 dominio
230 2553 291 2606 regis
305 2556 424 2598 Rosciae»
439 2570 527 2599 necnon
541 2560 589 2601 tres
604 2559 671 2612 alios,
686 2560 748 2601 inter
764 2571 819 2612 qrios
836 2560 963 2603 Sibinioen-

55 2640 103 2670 sem
116 2639 158 2679 pro
171 2627 276 2673 utilitabe
289 2630 378 2671 ordinis
391 2634 414 2673 et
427 2633 544 2675 Ecclesiae
559 2647 569 2674 u
579 2635 609 2675 ad
622 2646 712 2684 nomen,
728 2647 785 2685 opus
799 2638 822 2676 et
830 2648 903 2683 usum
916 2638 962 2678 ira.

58 2705 121 2743 trum
136 2704 160 2743 ot
175 2700 262 2742 ordinis
273 2715 290 2753 a¹
301 2702 492 2748 Praedicatorum
508 2707 631 2761 suscipere,
649 2706 669 2749 si
685 2709 763 2749 tamen
779 2706 900 2750 duodecim
915 2708 963 2750 fra·

56 2778 106 2817 tres
122 2786 221 2827 congrue
237 2773 270 2815 ibi
286 2776 414 2816 sustentari
431 2779 516 2820 valent.

113 2851 180 2891 Anno
197 2850 251 2891 1341
260 2849 415 2901 'cognoscitur
433 2850 534 2894 vicarius
552 2854 659 2906 magistri
678 2853 768 2903 ordinis
784 2854 877 2897 nomine
895 2855 961 2896 Nico·

56 2924 108 2966 lalus
125 2922 293 2965 Anconitanus.
312 2923 471 2965 Iterun113b'8
488 2929 587 2977 apparet
604 2926 698 2979 quidam
716 2941 727 2967 1
738 2928 812 2970 totius
829 2927 960 2981 provinciae

57 2998 189 3039 Dalmatiae
207 2998 230 3039 et
247 2995 343 3037 Duraeii
361 2996 460 3038 vicarius
478 2998 567 3040 ordinis
585 3000 777 3046 Praedicatorum
788 3016 799 3042 1)
819 2996 957 3052 stephanus.
