2101 3187
355 46 447 81 llvolutio
463 47 610 86 prormcr'mum
651 75 655 90 Ξ
689 60 691 63 v
897 48 938 88 239

30 173 120 215 serium
138 173 168 214 IX
185 184 246 215 anno
263 173 318 215 1237
335 173 363 215 de
380 171 515 226 patriarcha
533 172 699 226 Iacobitarum,
719 184 786 226 quem
804 172 937 226 Hierosoly-

32 247 75 288 mis
88 249 118 289 ad
130 246 258 289 Ecclesiam
270 247 371 289 reduxit.
385 247 469 288 Frater
483 246 563 289 Simon
575 246 600 287 in
613 246 709 289 civitate
722 247 937 301 Hierosolymitana

30 323 153 365 notissima
168 323 231 370 fama
246 321 308 365 circa
323 333 393 363 anum
409 320 464 362 1211
478 321 601 374 gaudebat.
619 322 655 362 Ex
667 318 763 364 'saeculo
779 324 884 375 sequenti
899 334 936 364 ex-

28 398 130 449 emplum
145 397 273 440 devotionis
288 409 367 440 versus
382 396 499 439 civitatem
516 399 621 439 sanctam
632 397 737 438 fratrum
751 398 936 450 Araqonensium

29 473 123 527 citetur,
139 485 182 526 pro
195 475 277 527 quibus
292 485 333 515 rex
348 472 446 516 Iacobus
461 474 487 514 11
501 474 556 514 1322
570 468 584 515 a
599 473 694 515 sultano
708 472 936 514 administrationem

28 551 53 589 ct
66 547 196 601 custodiam
209 547 285 596 sancti
298 547 415 599 sepulchri
429 547 547 600 expetivit.
563 549 614 597 1111
627 548 751 599 praetextu
765 545 790 587 id
803 546 825 587 11
839 546 935 599 denega·

30 623 80 662 tum
93 623 136 673 est,
150 622 259 664 nescitur.
274 620 413 663 Antiochiae
425 621 573 663 Dominicani
586 622 641 663 1261
653 622 768 662 notantur
780 622 804 661 ei
817 620 872 661 1268
884 620 935 671 pln-

30 694 90 748 rimi,
104 696 158 737 dum
169 696 278 736 sullanus
287 694 372 737 Bibars
382 696 462 736 urbem
473 697 624 752 expugnaret,
637 693 751 747 martyrio
763 693 878 736 obierunt.
891 694 935 736 Ae·
969 736 971 740 .

28 768 143 810 cessiones
163 780 274 810 novarum
294 768 413 810 domorum
432 765 495 811 inter
514 769 610 821 rasores
630 767 694 810 varie
713 767 886 820 postulatarum
907 767 935 808 de

29 842 93 884 facto
108 844 143 884 vel
157 854 203 884 non
217 844 342 884 evenerunt
357 844 392 884 vel
407 847 460 896 post
474 843 620 886 calamitates
636 842 661 883 in
677 842 752 894 Syria
761 843 785 882 et
799 839 935 882 Palaestina

30 916 121 959 habitas
133 917 227 959 nonnisi
238 919 357 970 tamquam
369 917 460 971 refugia
471 917 496 958 in
509 917 585 970 Cypro
598 916 764 969 intelligendae
776 915 839 957 sunt.

85 994 217 1035 Conventus
239 993 310 1046 Cypri
331 1005 358 1034 er
380 992 495 1034 fratribus
519 992 705 1034 occidentalibus
724 994 927 1034 sustentabantur.

27 1070 126 1121 Propter
143 1068 309 1109 difficultatem
325 1067 386 1109 vitae
403 1067 544 1108 conditionis
561 1070 584 1107 et
599 1066 633 1108 rei
649 1066 798 1118 pecuniariae
814 1066 933 1119 prouincia

25 1143 111 1184 'Terrae
130 1144 223 1184 sanctae
241 1154 310 1193 super
327 1141 539 1185 contributionibus
557 1153 618 1183 anno
636 1142 690 1183 1302
708 1140 845 1193 dispensata
862 1142 904 1181 esi.

84 1216 199 1258 Olariores
215 1217 301 1264 fratres
317 1215 386 1258 etiam
402 1216 462 1258 hanc
478 1215 656 1258 ultramarinam
673 1216 786 1258 ditionem
802 1215 891 1259 ordinis
908 1214 933 1271 in

27 1292 107 1344 primis
123 1291 221 1332 saeculis
237 1291 395 1348 illustrarunt.
412 1291 497 1343 Magno
512 1291 629 1332 Ecclesiae
643 1291 722 1332 fructu
737 1292 763 1331 in
779 1292 881 1332 solamen
897 1303 933 1331 ar·
983 1288 984 1292 ’

28 1364 224 1406 conservationem
237 1365 420 1412 christianorum
435 1364 572 1405 Latinorum
587 1366 611 1405 et
625 1366 742 1408 interdum
757 1371 789 1405 ad
803 1372 933 1406 conversio-

27 1449 79 1480 nem
95 1428 312 1479 blahumetanorum
327 1439 414 1479 fratres
430 1437 563 1479 missionem
579 1448 645 1478 suam
662 1437 765 1490 obibant,
783 1437 932 1489 patriarchas

26 1511 257 1566 Hierosolymitanos,
275 1512 459 1565 archiepiscopos
474 1513 639 1564 Antiochenos,
656 1513 796 1565 Nazarenos,
813 1513 932 1564 episcopos

26 1586 239 1629 Bethlehcmitanos
251 1590 275 1628 et
287 1587 414 1641 Opprenses
426 1587 505 1639 plures
517 1587 678 1638 producentes.

83 1652 178 1703 scholas
193 1673 244 1702 cum
259 1661 386 1704 lectoribus
399 1662 430 1703 ad
444 1662 531 1711 fratres
546 1662 703 1704 instituendos
719 1664 840 1715 provincia
855 1648 932 1716 posse-

26 1738 69 1777 dit.
83 1735 228 1777 Eruditiores
240 1735 326 1777 fratres
337 1736 422 1777 Terrae
432 1738 527 1781 sanctae
538 1737 682 1789 probabilius
693 1738 723 1778 ab
734 1740 853 1790 Aquinate
864 1749 931 1790 quae-

27 1809 123 1862 sierunt,
139 1799 166 1850 ut
179 1810 291 1861 opuscula
305 1809 333 1851 de
346 1809 477 1852 rationibus
492 1810 545 1851 fidei
559 1813 641 1851 contra
656 1811 765 1864 Graecos,
780 1812 894 1854 Armenes
907 1814 931 1859 et

23 1885 152 1926 :Saracenos
163 1884 254 1926 cantori
264 1883 409 1926 Antiocheno
419 1885 509 1926 dicaret
519 1884 628 1938 aliudque
640 1887 667 1927 de
678 1885 789 1937 regimine
800 1872 931 1939 principum

28 1958 56 2003 ad
73 1952 148 2010 regem
166 1958 236 2010 Cypri
253 1958 371 2011 dirigeret.
391 1959 527 2001 Studiorum
545 1961 672 2008 conventus
688 1959 713 2000 in
731 1961 845 2001 conventu
863 1958 930 2002 Nico-

27 2032 97 2073 11111
112 2032 247 2085 designatus
263 2035 306 2085 est,
322 2032 347 2073 in
363 2045 407 2085 quo
422 2032 533 2075 Nicotaus
549 2033 577 2076 de
592 2033 726 2080 Marsiliaco
742 2045 754 2075 e
769 2044 878 2085 processu
893 2044 930 2074 ca-

24 2106 180 2148 nonizationis
197 2107 220 2149 S.
239 2107 338 2149 Thomas
353 2107 460 2161 cognitus
475 2120 537 2150 anno
553 2109 607 2150 1303
623 2109 731 2150 lectorem
747 2109 802 2160 egit.

79 2182 108 2222 In
126 2183 217 2224 saeculo
234 2183 272 2224 XV
282 2183 369 2237 potius
387 2184 444 2225 Itali
462 2184 521 2225 hanc
538 2181 680 2235 provinciam
697 2182 813 2224 fratribus
831 2182 930 2234 repleve-

25 2259 88 2307 runt,
105 2257 144 2297 sed
159 2269 231 2309 neque
246 2257 296 2311 alii,
312 2260 339 2299 ut
354 2257 471 2311 Germani,
488 2258 619 2299 defuerunt.
942 2274 978 2316 η
1021 2310 1023 2316 y

78 2330 182 2372 Societas
211 2332 413 2384 Percpriacatiom
442 2336 536 2386 propter
566 2333 688 2376 Glnistum'
715 2338 854 2388 congregato
884 2337 930 2376 t'ra-
1004 2290 1027 2349 Χ

5 2420 7 2424 ’
23 2406 87 2445 trum
99 2402 290 2446 Praedicatorum
301 2409 359 2459 erat,
372 2406 434 2448 circa
446 2419 532 2449 annum
544 2408 599 2449 1300
611 2406 636 2448 11
648 2407 738 2449 oriente
749 2407 857 2460 fundata,
872 2419 930 2460 quae

23 2478 140 2521 missionis
152 2465 226 2520 labori
239 2492 311 2533 prope
323 2483 424 2524 Pontum
436 2481 561 2536 Euxinum,
576 2483 601 2523 in
614 2483 721 2536 partibus
735 2483 838 2525 Persidis
851 2486 875 2526 et
888 2483 930 2524 Ta-

23 2555 98 2597 111111
116 2554 238 2606 praecipue
257 2554 370 2599 instabat.
392 2558 511 2609 Spectmen
530 2558 583 2610 ipsa
601 2557 753 2610 particularis
772 2557 929 2609 congregatio-

22 2627 61 2669 nis
71 2639 113 2680 pro
124 2626 208 2669 exteris
219 2626 368 2671 missionibus
379 2631 481 2682 praebet.
494 2630 552 2672 Eius
564 2631 628 2683 origo
638 2642 685 2672 non
696 2629 788 2682 quidem
798 2631 829 2671 ad
841 2629 929 2671 bullam

24 2702 156 2743 Innocentii
167 2702 200 2743 IV
210 2700 410 2756 auui1253rcdit,
423 2704 484 2745 sicut
495 2704 702 2756 interpretationes
713 2714 822 2745 erroneae
834 2703 926 2746 vellent,

23 2777 63 2818 sed
76 2777 154 2822 tamen
167 2777 222 2817 ante
234 2776 346 2816 famosam
361 2776 485 2827 'epistulam
500 2772 607 2830 magistri
620 2776 736 2836 generalis
750 2776 887 2830 Berengarii
901 2778 928 2818 de

23 2849 129 2892 Landore
145 2850 223 2892 datam
240 2848 277 2891 die
293 2849 319 2890 20
335 2851 438 2911 octobris
454 2852 509 2893 1312
525 2851 593 2893 iacet.
612 2852 675 2892 runc
693 2850 754 2891 enim
771 2850 818 2892 iam
835 2849 927 2902 quidam

23 2920 113 2966 fratres‘
128 2924 304 2977 Peregrinautes
323 2924 365 2964 sub
384 2935 430 2965 uno
449 2925 536 2967 vicario
555 2925 579 2965 in
598 2925 673 2977 plagis
693 2924 847 2967 orientalibus
866 2925 928 2965 labo-
