2000 3066
37 1007 110 1047 tatem
128 1003 268 1045 tractandae
285 1004 398 1046 materiae
415 1004 574 1056 inveniuntur,
594 1016 621 1046 ex
639 1004 687 1045 alia
705 1005 773 1056 parte
791 1003 946 1046 enumeratio·

33 1090 75 1120 nes
94 1078 215 1120 nominum
235 1090 278 1131 pro
298 1090 361 1120 more
381 1079 538 1131 promptuarii
558 1079 675 1121 interdum
696 1079 805 1120 datorum
826 1079 910 1130 utpote
929 1091 944 1120 a
984 1129 987 1133 ⁴

35 1152 161 1194 lectoribus
181 1151 284 1204 amplius
303 1150 441 1194 euoluendae
461 1152 545 1194 evitari
565 1164 611 1194 non
631 1154 767 1211 potuerunt.
790 1153 888 1193 Demum
909 1150 944 1192 in-

34 1225 103 1277 tensi,
119 1237 176 1278 qnos
190 1225 243 1279 feci,
259 1228 357 1267 conatus
371 1229 422 1267 tum
436 1226 498 1268 clare
512 1228 535 1268 et
549 1226 660 1268 distincte
674 1225 814 1279 disponendi
828 1224 944 1277 quaestio·

32 1291 75 1341 nes
88 1298 192 1348 diversas
206 1301 258 1340 tum
272 1299 424 1353 generationis
438 1299 631 1342 considerationis
646 1310 731 1352 rerum,
748 1298 878 1351 sapientem
893 1299 944 1340 nul·

33 1373 82 1414 lum
96 1372 219 1425 effugient.
429 1357 430 1361 ¹
525 1426 527 1431 Ι
664 1425 666 1428 ⁴
912 1361 913 1364 ¹

89 1447 119 1488 Id
133 1448 196 1487 certe
211 1446 291 1488 meriti
306 1447 472 1499 Compendium
488 1447 622 1499 praeiacens
638 1447 715 1500 habet,
732 1449 760 1488 ut
775 1458 823 1488 non
838 1446 915 1487 solum
931 1459 943 1488 e

33 1519 93 1562 serie
107 1519 254 1562 velleitatum
270 1520 421 1562 librariarum
436 1520 467 1563 ad
481 1520 646 1562 exhibitionem
662 1520 775 1562 historiae
791 1520 875 1562 brevis.
893 1521 944 1562 uni-

33 1592 138 1647 versalis,
155 1594 271 1636 fundatae
287 1594 378 1636 ordinis
393 1594 585 1636 Praedicatorum
600 1594 703 1636 adducat
719 1595 760 1636 sed
777 1594 849 1636 etiam
865 1593 943 1646 ipsum

34 1666 98 1708 velut
120 1667 238 1718 synthesis
259 1668 289 1709 ad
310 1666 481 1720 inspiciendum
502 1679 530 1709 ae
551 1666 725 1721 consulendum⁷
748 1667 795 1709 imo
816 1668 937 1720 tamquam

32 1740 81 1782 (lux
100 1740 296 1783 addiscendarum
316 1748 394 1782 rerum
414 1741 532 1783 commodo
552 1741 690 1793 cupidorum
710 1751 760 1783 esse
780 1742 865 1782 valeat.

88 1814 122 1856 Iis
136 1817 215 1857 autem
229 1814 344 1867 omnibus,
359 1815 399 1867 qui
412 1827 448 1856 me
461 1814 486 1855 in
500 1814 560 1856 libro
574 1814 715 1856 conficiendo
729 1817 772 1857 aut
786 1814 901 1857 revisione
915 1827 942 1857 ae

29 1887 129 1929 consilio
148 1891 192 1930 aut
211 1889 246 1930 rei
266 1889 302 1930 vel
321 1888 450 1931 latinitatis
471 1889 614 1930 correctione
631 1880 752 1942 iurarunt,
774 1889 874 1930 maxime
895 1890 941 1930 An-

28 1962 114 2015 tonino
128 1962 235 2016 Mortier,
244 1964 362 2015 Stephano
376 1963 473 2005 Vallaro
488 1964 511 2005 S.
527 1964 552 2005 r.
567 1963 808 2016 M.‚AmbrosioBadic
821 1964 844 2005 S.
858 1964 884 2004 Τ.
898 1964 939 2015 M„

31 2035 174 2089 Hieronymo
189 2037 273 2079 Wilms
289 2039 313 2081 S.
331 2038 356 2079 Τ.
373 2038 407 2091 L,
425 2038 531 2080 Bennoni
546 2037 672 2079 Biermann
687 2039 711 2080 S.
728 2038 754 2079 ill.
772 2038 810 2091 D.‚
827 2037 845 2078 il
857 2050 901 2078 mo
918 2041 941 2079 et

29 2119 89 2150 nmo
104 2110 159 2152 dno
175 2111 255 2153 Blasio
270 2111 401 2165 Verghetti,
418 2112 508 2165 gratias
521 2125 573 2165 ago.
589 2114 666 2165 Atque
681 2115 708 2153 ut
723 2112 861 2165 quicumque
876 2112 941 2154 lucu-

30 2180 161 2225 brationem
174 2184 234 2226 hanc
247 2184 355 2227 districte
368 2185 496 2227 iudicaturi
510 2185 566 2238 sint,
580 2187 650 2227 verba
663 2185 819 2237 praefationis
833 2185 904 2228 huius
916 2187 940 2228 et

30 2253 109 2305 legant
121 2258 145 2296 et
157 2257 255 2310 henigne
268 2258 380 2311 recolant,
395 2258 484 2300 sincere
494 2270 599 2311 exposco.

84 2449 162 2514 hlense
179 2478 305 2526 septembri
320 2478 383 2518 1929.
