<?xml version="1.0" encoding="UTF-8"?>
<!DOCTYPE html PUBLIC "-//W3C//DTD XHTML 1.0 Transitional//EN"
    "http://www.w3.org/TR/xhtml1/DTD/xhtml1-transitional.dtd">
<html xmlns="http://www.w3.org/1999/xhtml" xml:lang="en" lang="en">
 <head>
  <title>
</title>
<meta http-equiv="Content-Type" content="text/html;charset=utf-8" />
  <meta name='ocr-system' content='tesseract 3.04.00' />
  <meta name='ocr-capabilities' content='ocr_page ocr_carea ocr_par ocr_line ocrx_word'/>
</head>
<body>
  <div class='ocr_page' id='page_1' title='image "MN5081ucmf_3_0217.png"; bbox 0 0 2188 3178; ppageno 0'>
   <div class='ocr_carea' id='block_1_1' title="bbox 96 89 668 132">
    <p class='ocr_par' dir='ltr' id='par_1_1' title="bbox 96 89 668 132">
     <span class='ocr_line' id='line_1_1' title="bbox 96 89 668 132; baseline 0 -1"><span class='ocrx_word' id='word_1_1' title='bbox 96 93 136 132; x_wconf 82' lang='lat'>190</span> <span class='ocrx_word' id='word_1_2' title='bbox 416 89 468 129; x_wconf 73' lang='lat' dir='ltr'>&#39;rica</span> <span class='ocrx_word' id='word_1_3' title='bbox 484 97 508 129; x_wconf 88' lang='lat' dir='ltr'>et</span> <span class='ocrx_word' id='word_1_4' title='bbox 522 97 575 130; x_wconf 84' lang='lat' dir='ltr'>aetlo</span> <span class='ocrx_word' id='word_1_5' title='bbox 592 98 668 131; x_wconf 81' lang='lat' dir='ltr'>ordinis</span> 
     </span>
    </p>
   </div>
   <div class='ocr_carea' id='block_1_2' title="bbox 68 218 1046 2850">
    <p class='ocr_par' dir='ltr' id='par_1_2' title="bbox 95 218 999 640">
     <span class='ocr_line' id='line_1_2' title="bbox 96 218 998 277; baseline 0.016 -20"><span class='ocrx_word' id='word_1_6' title='bbox 96 218 127 257; x_wconf 91' lang='lat' dir='ltr'>tis</span> <span class='ocrx_word' id='word_1_7' title='bbox 143 219 256 259; x_wconf 87' lang='lat' dir='ltr'>lnunauac</span> <span class='ocrx_word' id='word_1_8' title='bbox 272 218 364 271; x_wconf 81' lang='lat' dir='ltr'>eiusque</span> <span class='ocrx_word' id='word_1_9' title='bbox 381 220 500 274; x_wconf 84' lang='lat' dir='ltr'>regiminis</span> <span class='ocrx_word' id='word_1_10' title='bbox 514 224 584 274; x_wconf 78' lang='lat' dir='ltr'>atoue</span> <span class='ocrx_word' id='word_1_11' title='bbox 601 225 752 277; x_wconf 82' lang='lat' dir='ltr'>educationis,</span> <span class='ocrx_word' id='word_1_12' title='bbox 770 226 941 270; x_wconf 84' lang='lat' dir='ltr'>eluistianitati</span> <span class='ocrx_word' id='word_1_13' title='bbox 958 230 998 271; x_wconf 86' lang='lat' dir='ltr'>im-</span> 
     </span>
     <span class='ocr_line' id='line_1_3' title="bbox 96 294 996 350; baseline 0.017 -20"><span class='ocrx_word' id='word_1_14' title='bbox 96 302 198 333; x_wconf 85' lang='lat' dir='ltr'>mensum</span> <span class='ocrx_word' id='word_1_15' title='bbox 213 294 315 333; x_wconf 76' lang='lat' dir='ltr'>fructum</span> <span class='ocrx_word' id='word_1_16' title='bbox 332 305 428 346; x_wconf 84' lang='lat' dir='ltr'>semper,</span> <span class='ocrx_word' id='word_1_17' title='bbox 444 294 567 347; x_wconf 87' lang='lat' dir='ltr'>praecipue</span> <span class='ocrx_word' id='word_1_18' title='bbox 583 309 623 348; x_wconf 87' lang='lat' dir='ltr'>per</span> <span class='ocrx_word' id='word_1_19' title='bbox 639 298 787 340; x_wconf 88' lang='lat' dir='ltr'>Vincentinm</span> <span class='ocrx_word' id='word_1_20' title='bbox 803 301 996 350; x_wconf 78' lang='lat' dir='ltr'>Bellovacensem.</span> 
     </span>
     <span class='ocr_line' id='line_1_4' title="bbox 95 361 999 428; baseline 0.015 -24"><span class='ocrx_word' id='word_1_21' title='bbox 95 366 204 406; x_wconf 72' lang='lat' dir='ltr'>&#39;l&#39;lromam</span> <span class='ocrx_word' id='word_1_22' title='bbox 217 367 244 406; x_wconf 89' lang='lat' dir='ltr'>de</span> <span class='ocrx_word' id='word_1_23' title='bbox 257 367 356 418; x_wconf 60' lang='lat' dir='ltr'>Aquilia</span> <span class='ocrx_word' id='word_1_24' title='bbox 370 368 518 409; x_wconf 81' lang='lat' dir='ltr'>Vincentium</span> <span class='ocrx_word' id='word_1_25' title='bbox 531 361 622 422; x_wconf 52' lang='lat' dir='ltr'>Ferrer}</span> <span class='ocrx_word' id='word_1_26' title='bbox 637 374 748 414; x_wconf 81' lang='lat' dir='ltr'>Ioannem</span> <span class='ocrx_word' id='word_1_27' title='bbox 761 372 885 428; x_wconf 82' lang='lat' dir='ltr'>Dominici‚</span> <span class='ocrx_word' id='word_1_28' title='bbox 901 376 999 417; x_wconf 84' lang='lat' dir='ltr'>Antoni-</span> 
     </span>
     <span class='ocr_line' id='line_1_5' title="bbox 95 438 998 498; baseline 0.016 -21"><span class='ocrx_word' id='word_1_29' title='bbox 95 450 157 485; x_wconf 77' lang='lat' dir='ltr'>num,</span> <span class='ocrx_word' id='word_1_30' title='bbox 180 438 345 490; x_wconf 71' lang='lat' dir='ltr'>Hieronymum</span> <span class='ocrx_word' id='word_1_31' title='bbox 368 443 508 483; x_wconf 83' lang='lat' dir='ltr'>Sarclrarola</span> <span class='ocrx_word' id='word_1_32' title='bbox 529 445 670 497; x_wconf 79' lang='lat' dir='ltr'>attulerunt,</span> <span class='ocrx_word' id='word_1_33' title='bbox 692 445 733 487; x_wconf 86' lang='lat' dir='ltr'>alii</span> <span class='ocrx_word' id='word_1_34' title='bbox 754 447 891 498; x_wconf 84' lang='lat' dir='ltr'>praesertim</span> <span class='ocrx_word' id='word_1_35' title='bbox 911 450 998 491; x_wconf 82' lang='lat' dir='ltr'>iratres</span> 
     </span>
     <span class='ocr_line' id='line_1_6' title="bbox 96 513 998 569; baseline 0.016 -18"><span class='ocrx_word' id='word_1_36' title='bbox 96 513 166 563; x_wconf 80' lang='lat' dir='ltr'>Angli</span> <span class='ocrx_word' id='word_1_37' title='bbox 183 513 207 552; x_wconf 91' lang='lat' dir='ltr'>in</span> <span class='ocrx_word' id='word_1_38' title='bbox 225 514 416 557; x_wconf 80' lang='lat' dir='ltr'>coristitutionem</span> <span class='ocrx_word' id='word_1_39' title='bbox 433 516 559 557; x_wconf 87' lang='lat' dir='ltr'>nationalis</span> <span class='ocrx_word' id='word_1_40' title='bbox 578 519 685 569; x_wconf 84' lang='lat' dir='ltr'>gubernii</span> <span class='ocrx_word' id='word_1_41' title='bbox 702 520 800 561; x_wconf 78' lang='lat' dir='ltr'>formam</span> <span class='ocrx_word' id='word_1_42' title='bbox 818 521 998 565; x_wconf 76' lang='lat' dir='ltr'>constitutiona</span> 
     </span>
     <span class='ocr_line' id='line_1_7' title="bbox 95 585 624 640; baseline 0.011 -15"><span class='ocrx_word' id='word_1_43' title='bbox 95 585 137 626; x_wconf 89' lang='lat' dir='ltr'>lem</span> <span class='ocrx_word' id='word_1_44' title='bbox 153 587 189 627; x_wconf 89' lang='lat' dir='ltr'>sui</span> <span class='ocrx_word' id='word_1_45' title='bbox 204 587 293 628; x_wconf 87' lang='lat' dir='ltr'>ordinis</span> <span class='ocrx_word' id='word_1_46' title='bbox 307 591 361 640; x_wconf 66' lang='lat' dir='ltr'>eruite</span> <span class='ocrx_word' id='word_1_47' title='bbox 375 589 474 635; x_wconf 75' lang='lat' dir='ltr'><strong>influere</strong></span> <span class='ocrx_word' id='word_1_48' title='bbox 488 590 624 631; x_wconf 66' lang='lat' dir='ltr'>vieelancr.</span> 
     </span>
    </p>

    <p class='ocr_par' dir='ltr' id='par_1_3' title="bbox 68 661 1046 2188">
     <span class='ocr_line' id='line_1_8' title="bbox 150 661 996 716; baseline 0.013 -16"><span class='ocrx_word' id='word_1_49' title='bbox 150 661 224 708; x_wconf 69' lang='lat' dir='ltr'>Qurnn</span> <span class='ocrx_word' id='word_1_50' title='bbox 239 673 317 702; x_wconf 85' lang='lat' dir='ltr'>curam</span> <span class='ocrx_word' id='word_1_51' title='bbox 332 663 393 703; x_wconf 78' lang='lat' dir='ltr'>eirca</span> <span class='ocrx_word' id='word_1_52' title='bbox 407 663 523 714; x_wconf 85' lang='lat' dir='ltr'>proximos</span> <span class='ocrx_word' id='word_1_53' title='bbox 538 665 699 716; x_wconf 67' lang='lat' dir='ltr'>periclitantes</span> <span class='ocrx_word' id='word_1_54' title='bbox 714 669 769 710; x_wconf 89' lang='lat' dir='ltr'>ordo</span> <span class='ocrx_word' id='word_1_55' title='bbox 784 670 813 709; x_wconf 91' lang='lat' dir='ltr'>ab</span> <span class='ocrx_word' id='word_1_56' title='bbox 828 669 922 710; x_wconf 83' lang='lat' dir='ltr'>exordio</span> <span class='ocrx_word' id='word_1_57' title='bbox 938 682 996 711; x_wconf 85' lang='lat' dir='ltr'>sum-</span> 
     </span>
     <span class='ocr_line' id='line_1_9' title="bbox 92 724 998 798; baseline 0.015 -25"><span class='ocrx_word' id='word_1_58' title='bbox 92 724 150 784; x_wconf 73' lang='lat' dir='ltr'>psit.</span> <span class='ocrx_word' id='word_1_59' title='bbox 168 746 195 774; x_wconf 81' lang='lat' dir='ltr'>ex</span> <span class='ocrx_word' id='word_1_60' title='bbox 213 735 261 777; x_wconf 85' lang='lat' dir='ltr'>vita</span> <span class='ocrx_word' id='word_1_61' title='bbox 279 737 371 777; x_wconf 77' lang='lat' dir='ltr'>lor-dani</span> <span class='ocrx_word' id='word_1_62' title='bbox 390 737 416 778; x_wconf 89' lang='lat' dir='ltr'>dc</span> <span class='ocrx_word' id='word_1_63' title='bbox 434 738 536 779; x_wconf 76' lang='lat' dir='ltr'>Sauonia</span> <span class='ocrx_word' id='word_1_64' title='bbox 552 743 625 789; x_wconf 69' lang='lat' dir='ltr'>puniet,</span> <span class='ocrx_word' id='word_1_65' title='bbox 645 742 683 792; x_wconf 75' lang='lat' dir='ltr'>uui</span> <span class='ocrx_word' id='word_1_66' title='bbox 700 742 845 798; x_wconf 85' lang='lat' dir='ltr'>monialibus</span> <span class='ocrx_word' id='word_1_67' title='bbox 858 743 881 784; x_wconf 86' lang='lat' dir='ltr'>S.</span> <span class='ocrx_word' id='word_1_68' title='bbox 900 745 998 795; x_wconf 81' lang='lat' dir='ltr'>Agnetis</span> 
     </span>
     <span class='ocr_line' id='line_1_10' title="bbox 95 809 997 873; baseline 0.01 -25"><span class='ocrx_word' id='word_1_69' title='bbox 95 809 185 859; x_wconf 89' lang='lat' dir='ltr'>puellas</span> <span class='ocrx_word' id='word_1_70' title='bbox 206 813 376 852; x_wconf 74' lang='lat' dir='ltr'>coniurendat³².</span> <span class='ocrx_word' id='word_1_71' title='bbox 400 812 562 853; x_wconf 86' lang='lat' dir='ltr'>Pinamontius</span> <span class='ocrx_word' id='word_1_72' title='bbox 584 815 704 856; x_wconf 82' lang='lat' dir='ltr'>Brembati</span> <span class='ocrx_word' id='word_1_73' title='bbox 730 818 755 873; x_wconf 77' lang='lat'>(†</span> <span class='ocrx_word' id='word_1_74' title='bbox 769 817 830 862; x_wconf 79' lang='grc'>126111</span> <span class='ocrx_word' id='word_1_75' title='bbox 854 828 900 857; x_wconf 88' lang='lat' dir='ltr'>non</span> <span class='ocrx_word' id='word_1_76' title='bbox 924 818 997 858; x_wconf 91' lang='lat' dir='ltr'>solum</span> 
     </span>
     <span class='ocr_line' id='line_1_11' title="bbox 94 885 998 942; baseline 0.01 -18"><span class='ocrx_word' id='word_1_77' title='bbox 94 886 147 935; x_wconf 88' lang='lat' dir='ltr'>posi</span> <span class='ocrx_word' id='word_1_78' title='bbox 162 886 215 925; x_wconf 88' lang='lat' dir='ltr'>dira</span> <span class='ocrx_word' id='word_1_79' title='bbox 229 885 322 926; x_wconf 85' lang='lat' dir='ltr'>dissidia</span> <span class='ocrx_word' id='word_1_80' title='bbox 339 886 591 927; x_wconf 67' lang='grc'>1111111260111111111111</span> <span class='ocrx_word' id='word_1_81' title='bbox 608 889 631 928; x_wconf 79' lang='lat' dir='ltr'>S.</span> <span class='ocrx_word' id='word_1_82' title='bbox 648 889 729 930; x_wconf 76' lang='lat' dir='ltr'>Crucis</span> <span class='ocrx_word' id='word_1_83' title='bbox 744 891 775 931; x_wconf 86' lang='lat' dir='ltr'>ad</span> <span class='ocrx_word' id='word_1_84' title='bbox 789 890 864 931; x_wconf 88' lang='lat' dir='ltr'>ideam</span> <span class='ocrx_word' id='word_1_85' title='bbox 879 890 998 942; x_wconf 87' lang='lat' dir='ltr'>paeniten-</span> 
     </span>
     <span class='ocr_line' id='line_1_12' title="bbox 93 949 1031 1019; baseline 0.007 -21"><span class='ocrx_word' id='word_1_86' title='bbox 93 958 141 999; x_wconf 86' lang='lat' dir='ltr'>tiae</span> <span class='ocrx_word' id='word_1_87' title='bbox 159 960 290 1000; x_wconf 69' lang='lat' dir='ltr'><strong>concivibus</strong></span> <span class='ocrx_word' id='word_1_88' title='bbox 309 960 465 1008; x_wconf 75' lang='lat' dir='ltr'>iruulcamlae,</span> <span class='ocrx_word' id='word_1_89' title='bbox 486 964 513 1002; x_wconf 86' lang='lat' dir='ltr'>ui</span> <span class='ocrx_word' id='word_1_90' title='bbox 531 973 576 1013; x_wconf 84' lang='lat' dir='ltr'>pax</span> <span class='ocrx_word' id='word_1_91' title='bbox 595 964 618 1003; x_wconf 90' lang='lat' dir='ltr'>et</span> <span class='ocrx_word' id='word_1_92' title='bbox 636 962 796 1019; x_wconf 84' lang='lat' dir='ltr'>misericordia</span> <span class='ocrx_word' id='word_1_93' title='bbox 814 964 892 1005; x_wconf 77' lang='lat' dir='ltr'>(lirina</span> <span class='ocrx_word' id='word_1_94' title='bbox 911 966 997 1005; x_wconf 82' lang='lat' dir='ltr'>obtine·</span> <span class='ocrx_word' id='word_1_95' title='bbox 1029 949 1031 953; x_wconf 34' lang='lat'><strong><em>¹</em></strong></span> 
     </span>
     <span class='ocr_line' id='line_1_13' title="bbox 95 1034 997 1089; baseline 0.007 -15"><span class='ocrx_word' id='word_1_96' title='bbox 95 1035 224 1086; x_wconf 75' lang='lat' dir='ltr'>retur²,.sed</span> <span class='ocrx_word' id='word_1_97' title='bbox 240 1034 309 1075; x_wconf 90' lang='lat' dir='ltr'>etiam</span> <span class='ocrx_word' id='word_1_98' title='bbox 325 1034 446 1086; x_wconf 87' lang='lat' dir='ltr'>collegium</span> <span class='ocrx_word' id='word_1_99' title='bbox 463 1036 636 1077; x_wconf 73' lang='lat' dir='ltr'>Misericordiae</span> <span class='ocrx_word' id='word_1_100' title='bbox 652 1048 713 1077; x_wconf 36' lang='lat' dir='ltr'>aluno</span> <span class='ocrx_word' id='word_1_101' title='bbox 729 1038 784 1078; x_wconf 82' lang='grc'>,1265</span> <span class='ocrx_word' id='word_1_102' title='bbox 800 1036 918 1088; x_wconf 79' lang='lat' dir='ltr'>excitavit,</span> <span class='ocrx_word' id='word_1_103' title='bbox 937 1039 997 1089; x_wconf 88' lang='lat' dir='ltr'>qnod</span> 
     </span>
     <span class='ocr_line' id='line_1_14' title="bbox 95 1108 997 1162; baseline 0.006 -15"><span class='ocrx_word' id='word_1_104' title='bbox 95 1109 184 1148; x_wconf 86' lang='lat' dir='ltr'>coctum</span> <span class='ocrx_word' id='word_1_105' title='bbox 200 1108 332 1148; x_wconf 87' lang='lat' dir='ltr'>devotorum</span> <span class='ocrx_word' id='word_1_106' title='bbox 346 1108 369 1146; x_wconf 92' lang='lat' dir='ltr'>in</span> <span class='ocrx_word' id='word_1_107' title='bbox 385 1120 461 1149; x_wconf 89' lang='lat' dir='ltr'>amore</span> <span class='ocrx_word' id='word_1_108' title='bbox 476 1108 519 1149; x_wconf 85' lang='lat' dir='ltr'>Dei</span> <span class='ocrx_word' id='word_1_109' title='bbox 534 1111 556 1149; x_wconf 86' lang='lat' dir='ltr'>ei</span> <span class='ocrx_word' id='word_1_110' title='bbox 571 1109 595 1148; x_wconf 92' lang='lat' dir='ltr'>in</span> <span class='ocrx_word' id='word_1_111' title='bbox 610 1109 727 1150; x_wconf 84' lang='lat' dir='ltr'>exercitiis</span> <span class='ocrx_word' id='word_1_112' title='bbox 742 1110 914 1152; x_wconf 73' lang='lat' dir='ltr'>misericordiae</span> <span class='ocrx_word' id='word_1_113' title='bbox 928 1111 997 1162; x_wconf 81' lang='lat' dir='ltr'>proii-</span> 
     </span>
     <span class='ocr_line' id='line_1_15' title="bbox 95 1173 998 1237; baseline 0.006 -17"><span class='ocrx_word' id='word_1_114' title='bbox 95 1180 204 1221; x_wconf 87' lang='lat' dir='ltr'>cientium</span> <span class='ocrx_word' id='word_1_115' title='bbox 222 1183 378 1232; x_wconf 82' lang='lat' dir='ltr'>congregaret.</span> <span class='ocrx_word' id='word_1_116' title='bbox 397 1182 450 1221; x_wconf 79' lang='lat' dir='ltr'>Mox</span> <span class='ocrx_word' id='word_1_117' title='bbox 468 1182 531 1222; x_wconf 89' lang='lat' dir='ltr'>ultra</span> <span class='ocrx_word' id='word_1_118' title='bbox 549 1184 588 1223; x_wconf 88' lang='grc'>21111</span> <span class='ocrx_word' id='word_1_119' title='bbox 606 1182 666 1223; x_wconf 89' lang='lat' dir='ltr'>cives</span> <span class='ocrx_word' id='word_1_120' title='bbox 684 1173 737 1223; x_wconf 87' lang='lat' dir='ltr'>hnic</span> <span class='ocrx_word' id='word_1_121' title='bbox 755 1183 913 1237; x_wconf 72' lang='lat' dir='ltr'>associabant,</span> <span class='ocrx_word' id='word_1_122' title='bbox 932 1196 998 1237; x_wconf 82' lang='lat' dir='ltr'>regu-</span> 
     </span>
     <span class='ocr_line' id='line_1_16' title="bbox 94 1254 997 1309; baseline 0.007 -15"><span class='ocrx_word' id='word_1_123' title='bbox 94 1254 118 1295; x_wconf 89' lang='lat' dir='ltr'>la</span> <span class='ocrx_word' id='word_1_124' title='bbox 132 1266 146 1295; x_wconf 89' lang='lat' dir='ltr'>a</span> <span class='ocrx_word' id='word_1_125' title='bbox 159 1255 307 1295; x_wconf 86' lang='lat' dir='ltr'>Pinamontio</span> <span class='ocrx_word' id='word_1_126' title='bbox 321 1257 410 1307; x_wconf 77' lang='lat' dir='ltr'>auctae,</span> <span class='ocrx_word' id='word_1_127' title='bbox 426 1267 449 1295; x_wconf 86' lang='lat' dir='ltr'>se</span> <span class='ocrx_word' id='word_1_128' title='bbox 464 1256 646 1307; x_wconf 85' lang='lat' dir='ltr'>adscripserunt.</span> <span class='ocrx_word' id='word_1_129' title='bbox 663 1256 778 1297; x_wconf 74' lang='lat' dir='ltr'>Pecuniae</span> <span class='ocrx_word' id='word_1_130' title='bbox 793 1270 820 1297; x_wconf 82' lang='lat' dir='ltr'>ex</span> <span class='ocrx_word' id='word_1_131' title='bbox 835 1256 913 1309; x_wconf 88' lang='lat' dir='ltr'>parvis</span> <span class='ocrx_word' id='word_1_132' title='bbox 929 1258 997 1300; x_wconf 87' lang='lat' dir='ltr'>dena-</span> 
     </span>
     <span class='ocr_line' id='line_1_17' title="bbox 94 1327 997 1381; baseline 0.008 -14"><span class='ocrx_word' id='word_1_133' title='bbox 94 1328 136 1367; x_wconf 90' lang='lat' dir='ltr'>riis</span> <span class='ocrx_word' id='word_1_134' title='bbox 155 1327 269 1368; x_wconf 83' lang='lat' dir='ltr'>sociorum</span> <span class='ocrx_word' id='word_1_135' title='bbox 288 1328 397 1369; x_wconf 77' lang='lat' dir='ltr'>collectae</span> <span class='ocrx_word' id='word_1_136' title='bbox 416 1340 442 1369; x_wconf 88' lang='lat' dir='ltr'>ex</span> <span class='ocrx_word' id='word_1_137' title='bbox 461 1329 617 1371; x_wconf 70' lang='lat' dir='ltr'>crescentibus</span> <span class='ocrx_word' id='word_1_138' title='bbox 636 1328 720 1381; x_wconf 87' lang='lat' dir='ltr'>legatis</span> <span class='ocrx_word' id='word_1_139' title='bbox 740 1328 764 1369; x_wconf 89' lang='lat' dir='ltr'>in</span> <span class='ocrx_word' id='word_1_140' title='bbox 785 1329 888 1371; x_wconf 87' lang='lat' dir='ltr'>subsidia</span> <span class='ocrx_word' id='word_1_141' title='bbox 908 1331 997 1374; x_wconf 85' lang='lat' dir='ltr'>maiora</span> 
     </span>
     <span class='ocr_line' id='line_1_18' title="bbox 68 1402 997 1454; baseline 0.003 -12"><span class='ocrx_word' id='word_1_142' title='bbox 68 1419 69 1422; x_wconf 42' lang='lat'>¹</span> <span class='ocrx_word' id='word_1_143' title='bbox 94 1402 257 1442; x_wconf 84' lang='lat' dir='ltr'>beneticentiae</span> <span class='ocrx_word' id='word_1_144' title='bbox 272 1402 433 1452; x_wconf 76' lang='lat' dir='ltr'>cuiuscumque</span> <span class='ocrx_word' id='word_1_145' title='bbox 448 1403 606 1448; x_wconf 68' lang='lat' dir='ltr'>vertebantur,</span> <span class='ocrx_word' id='word_1_146' title='bbox 623 1403 658 1443; x_wconf 92' lang='lat' dir='ltr'>vel</span> <span class='ocrx_word' id='word_1_147' title='bbox 673 1404 754 1453; x_wconf 89' lang='lat' dir='ltr'>postea</span> <span class='ocrx_word' id='word_1_148' title='bbox 768 1402 794 1442; x_wconf 89' lang='lat' dir='ltr'>in</span> <span class='ocrx_word' id='word_1_149' title='bbox 809 1414 879 1453; x_wconf 88' lang='lat' dir='ltr'>opera</span> <span class='ocrx_word' id='word_1_150' title='bbox 895 1404 997 1454; x_wconf 88' lang='lat' dir='ltr'>particu-</span> 
     </span>
     <span class='ocr_line' id='line_1_19' title="bbox 94 1475 992 1526; baseline 0.006 -12"><span class='ocrx_word' id='word_1_151' title='bbox 94 1475 153 1516; x_wconf 85' lang='lat' dir='ltr'>laria</span> <span class='ocrx_word' id='word_1_152' title='bbox 164 1475 363 1526; x_wconf 87' lang='lat' dir='ltr'>impemlcbantur.</span> <span class='ocrx_word' id='word_1_153' title='bbox 377 1477 411 1515; x_wconf 83' lang='lat' dir='ltr'>llx</span> <span class='ocrx_word' id='word_1_154' title='bbox 423 1475 550 1525; x_wconf 84' lang='lat' dir='ltr'>originaria</span> <span class='ocrx_word' id='word_1_155' title='bbox 562 1476 673 1516; x_wconf 86' lang='lat' dir='ltr'>societate</span> <span class='ocrx_word' id='word_1_156' title='bbox 684 1475 857 1517; x_wconf 72' lang='lat' dir='ltr'>Misericordiae</span> <span class='ocrx_word' id='word_1_157' title='bbox 869 1490 930 1518; x_wconf 84' lang='lat' dir='ltr'>aimo</span> <span class='ocrx_word' id='word_1_158' title='bbox 942 1479 992 1519; x_wconf 78' lang='grc'>1121</span> 
     </span>
     <span class='ocr_line' id='line_1_20' title="bbox 93 1549 997 1602; baseline 0.004 -13"><span class='ocrx_word' id='word_1_159' title='bbox 93 1549 215 1600; x_wconf 80' lang='lat' dir='ltr'>collegium</span> <span class='ocrx_word' id='word_1_160' title='bbox 229 1551 428 1589; x_wconf 75' lang='lat' dir='ltr'>incarceratomnn</span> <span class='ocrx_word' id='word_1_161' title='bbox 441 1552 464 1590; x_wconf 88' lang='lat' dir='ltr'>et</span> <span class='ocrx_word' id='word_1_162' title='bbox 477 1550 531 1589; x_wconf 78' lang='grc'>1122</span> <span class='ocrx_word' id='word_1_163' title='bbox 545 1549 704 1589; x_wconf 85' lang='lat' dir='ltr'>Misericordia</span> <span class='ocrx_word' id='word_1_164' title='bbox 718 1549 804 1590; x_wconf 88' lang='lat' dir='ltr'>montis</span> <span class='ocrx_word' id='word_1_165' title='bbox 819 1551 842 1590; x_wconf 92' lang='lat' dir='ltr'>S.</span> <span class='ocrx_word' id='word_1_166' title='bbox 857 1550 941 1602; x_wconf 83' lang='lat' dir='ltr'>Vigilii</span> <span class='ocrx_word' id='word_1_167' title='bbox 954 1563 997 1602; x_wconf 88' lang='lat' dir='ltr'>pro</span> 
     </span>
     <span class='ocr_line' id='line_1_21' title="bbox 93 1622 994 1674; baseline 0.002 -12"><span class='ocrx_word' id='word_1_168' title='bbox 93 1622 135 1663; x_wconf 88' lang='lat' dir='ltr'>illa</span> <span class='ocrx_word' id='word_1_169' title='bbox 150 1622 242 1674; x_wconf 87' lang='lat' dir='ltr'>regione</span> <span class='ocrx_word' id='word_1_170' title='bbox 257 1625 376 1672; x_wconf 79' lang='lat' dir='ltr'>segregata</span> <span class='ocrx_word' id='word_1_171' title='bbox 392 1624 452 1662; x_wconf 57' lang='lat' dir='ltr'>estil,</span> <span class='ocrx_word' id='word_1_172' title='bbox 471 1623 493 1662; x_wconf 94' lang='lat' dir='ltr'>S</span> <span class='ocrx_word' id='word_1_173' title='bbox 511 1622 645 1662; x_wconf 73' lang='lat' dir='ltr'>Antoninus</span> <span class='ocrx_word' id='word_1_174' title='bbox 660 1634 721 1664; x_wconf 88' lang='lat' dir='ltr'>anno</span> <span class='ocrx_word' id='word_1_175' title='bbox 736 1623 791 1662; x_wconf 72' lang='lat' dir='ltr'>rita</span> <span class='ocrx_word' id='word_1_176' title='bbox 807 1624 894 1666; x_wconf 84' lang='lat' dir='ltr'>vocatis</span> <span class='ocrx_word' id='word_1_177' title='bbox 911 1624 994 1666; x_wconf 85' lang='lat' dir='ltr'>diversi</span> 
     </span>
     <span class='ocr_line' id='line_1_22' title="bbox 94 1695 996 1748; baseline 0.001 -12"><span class='ocrx_word' id='word_1_178' title='bbox 94 1696 185 1746; x_wconf 84' lang='lat' dir='ltr'>generis</span> <span class='ocrx_word' id='word_1_179' title='bbox 203 1696 299 1748; x_wconf 74' lang='lat' dir='ltr'>egregiis</span> <span class='ocrx_word' id='word_1_180' title='bbox 318 1696 450 1736; x_wconf 79' lang='lat' dir='ltr'>Florentiae</span> <span class='ocrx_word' id='word_1_181' title='bbox 469 1696 525 1736; x_wconf 90' lang='lat' dir='ltr'>viris</span> <span class='ocrx_word' id='word_1_182' title='bbox 544 1695 618 1747; x_wconf 81' lang='lat' dir='ltr'>iisvpre</span> <span class='ocrx_word' id='word_1_183' title='bbox 637 1696 839 1737; x_wconf 84' lang='lat' dir='ltr'>contrilurentilms</span> <span class='ocrx_word' id='word_1_184' title='bbox 859 1697 996 1738; x_wconf 85' lang='lat' dir='ltr'>comitatum</span> 
     </span>
     <span class='ocr_line' id='line_1_23' title="bbox 95 1768 995 1822; baseline 0.002 -13"><span class='ocrx_word' id='word_1_185' title='bbox 95 1769 248 1810; x_wconf 86' lang='lat' dir='ltr'>sublevandae</span> <span class='ocrx_word' id='word_1_186' title='bbox 269 1768 360 1819; x_wconf 76' lang='lat' dir='ltr'>inopine</span> <span class='ocrx_word' id='word_1_187' title='bbox 381 1768 518 1809; x_wconf 74' lang='lat' dir='ltr'>verecundie</span> <span class='ocrx_word' id='word_1_188' title='bbox 539 1769 688 1810; x_wconf 86' lang='lat' dir='ltr'>absconditae</span> <span class='ocrx_word' id='word_1_189' title='bbox 712 1768 878 1820; x_wconf 79' lang='lat' dir='ltr'>(provveditori</span> <span class='ocrx_word' id='word_1_190' title='bbox 899 1771 933 1811; x_wconf 85' lang='lat' dir='ltr'>de&#39;</span> <span class='ocrx_word' id='word_1_191' title='bbox 956 1782 995 1822; x_wconf 84' lang='lat' dir='ltr'>po-</span> 
     </span>
     <span class='ocr_line' id='line_1_24' title="bbox 93 1841 996 1895; baseline 0 -12"><span class='ocrx_word' id='word_1_192' title='bbox 93 1843 139 1883; x_wconf 87' lang='lat' dir='ltr'>veri</span> <span class='ocrx_word' id='word_1_193' title='bbox 152 1842 288 1894; x_wconf 84' lang='lat' dir='ltr'>vergognosi</span> <span class='ocrx_word' id='word_1_194' title='bbox 299 1842 379 1894; x_wconf 89' lang='lat' dir='ltr'>vulgo:</span> <span class='ocrx_word' id='word_1_195' title='bbox 395 1842 527 1883; x_wconf 90' lang='lat' dir='ltr'>buonomini</span> <span class='ocrx_word' id='word_1_196' title='bbox 540 1843 564 1882; x_wconf 89' lang='lat' dir='ltr'>di</span> <span class='ocrx_word' id='word_1_197' title='bbox 576 1844 599 1884; x_wconf 88' lang='lat' dir='ltr'>S.</span> <span class='ocrx_word' id='word_1_198' title='bbox 613 1842 724 1893; x_wconf 74' lang='lat' dir='ltr'>irarum,</span> <span class='ocrx_word' id='word_1_199' title='bbox 737 1841 885 1894; x_wconf 71' lang='lat' dir='ltr'>instituebat,</span> <span class='ocrx_word' id='word_1_200' title='bbox 899 1845 959 1895; x_wconf 80' lang='lat' dir='ltr'>qrrod</span> <span class='ocrx_word' id='word_1_201' title='bbox 970 1843 996 1883; x_wconf 92' lang='lat' dir='ltr'>in</span> 
     </span>
     <span class='ocr_line' id='line_1_25' title="bbox 93 1901 996 1968; baseline 0 -11"><span class='ocrx_word' id='word_1_202' title='bbox 93 1918 195 1968; x_wconf 86' lang='lat' dir='ltr'>tempore</span> <span class='ocrx_word' id='word_1_203' title='bbox 208 1916 249 1957; x_wconf 91' lang='lat' dir='ltr'>illo</span> <span class='ocrx_word' id='word_1_204' title='bbox 258 1915 382 1967; x_wconf 86' lang='lat' dir='ltr'>splendido</span> <span class='ocrx_word' id='word_1_205' title='bbox 395 1915 454 1956; x_wconf 80' lang='lat' dir='ltr'>facie</span> <span class='ocrx_word' id='word_1_206' title='bbox 467 1916 506 1956; x_wconf 89' lang='lat' dir='ltr'>sed</span> <span class='ocrx_word' id='word_1_207' title='bbox 520 1918 542 1956; x_wconf 90' lang='lat' dir='ltr'>et</span> <span class='ocrx_word' id='word_1_208' title='bbox 556 1916 635 1956; x_wconf 89' lang='lat' dir='ltr'>subter</span> <span class='ocrx_word' id='word_1_209' title='bbox 649 1915 792 1966; x_wconf 82' lang='lat' dir='ltr'>superficiem</span> <span class='ocrx_word' id='word_1_210' title='bbox 807 1901 901 1955; x_wconf 80' lang='lat' dir='ltr'>miseria</span> <span class='ocrx_word' id='word_1_211' title='bbox 914 1917 996 1967; x_wconf 86' lang='lat' dir='ltr'>proba-</span> 
     </span>
     <span class='ocr_line' id='line_1_26' title="bbox 92 1988 996 2039; baseline 0 -9"><span class='ocrx_word' id='word_1_212' title='bbox 92 1993 117 2031; x_wconf 89' lang='lat' dir='ltr'>to</span> <span class='ocrx_word' id='word_1_213' title='bbox 134 1989 287 2030; x_wconf 85' lang='lat' dir='ltr'>necessarium</span> <span class='ocrx_word' id='word_1_214' title='bbox 306 1990 383 2029; x_wconf 75' lang='lat' dir='ltr'>erat³⁴.</span> <span class='ocrx_word' id='word_1_215' title='bbox 403 1988 503 2039; x_wconf 83' lang='lat' dir='ltr'>Eiusque</span> <span class='ocrx_word' id='word_1_216' title='bbox 521 1989 569 2029; x_wconf 86' lang='lat' dir='ltr'>vita</span> <span class='ocrx_word' id='word_1_217' title='bbox 587 1988 702 2028; x_wconf 78' lang='lat' dir='ltr'>actionem</span> <span class='ocrx_word' id='word_1_218' title='bbox 720 1988 828 2029; x_wconf 84' lang='lat' dir='ltr'>socialem</span> <span class='ocrx_word' id='word_1_219' title='bbox 846 1990 870 2028; x_wconf 85' lang='lat' dir='ltr'>et</span> <span class='ocrx_word' id='word_1_220' title='bbox 887 1989 996 2030; x_wconf 82' lang='lat' dir='ltr'>caritatis</span> 
     </span>
     <span class='ocr_line' id='line_1_27' title="bbox 92 2053 1046 2114; baseline 0.001 -12"><span class='ocrx_word' id='word_1_221' title='bbox 92 2063 207 2104; x_wconf 79' lang='lat' dir='ltr'>uberrime</span> <span class='ocrx_word' id='word_1_222' title='bbox 225 2063 333 2114; x_wconf 80' lang='lat' dir='ltr'>explicat,</span> <span class='ocrx_word' id='word_1_223' title='bbox 354 2064 495 2113; x_wconf 61' lang='lat' dir='ltr'>arrepticiam</span> <span class='ocrx_word' id='word_1_224' title='bbox 514 2065 537 2102; x_wconf 90' lang='lat' dir='ltr'>et</span> <span class='ocrx_word' id='word_1_225' title='bbox 556 2062 631 2112; x_wconf 88' lang='lat' dir='ltr'>patris</span> <span class='ocrx_word' id='word_1_226' title='bbox 651 2073 779 2112; x_wconf 88' lang='lat' dir='ltr'>pauperum</span> <span class='ocrx_word' id='word_1_227' title='bbox 798 2073 881 2102; x_wconf 88' lang='lat' dir='ltr'>nomen</span> <span class='ocrx_word' id='word_1_228' title='bbox 901 2053 993 2104; x_wconf 77' lang='lat' dir='ltr'>meruit.</span> <span class='ocrx_word' id='word_1_229' title='bbox 1045 2076 1046 2079; x_wconf 47' lang='lat'>¹</span> 
     </span>
     <span class='ocr_line' id='line_1_28' title="bbox 92 2134 787 2188; baseline -0.004 -12"><span class='ocrx_word' id='word_1_230' title='bbox 92 2138 172 2188; x_wconf 84' lang='lat' dir='ltr'>lmpus</span> <span class='ocrx_word' id='word_1_231' title='bbox 185 2136 321 2178; x_wconf 85' lang='lat' dir='ltr'>Barrientos</span> <span class='ocrx_word' id='word_1_232' title='bbox 333 2136 455 2187; x_wconf 85' lang='lat' dir='ltr'>episcopus</span> <span class='ocrx_word' id='word_1_233' title='bbox 468 2135 594 2187; x_wconf 80' lang='lat' dir='ltr'>hospitalia</span> <span class='ocrx_word' id='word_1_234' title='bbox 607 2135 673 2176; x_wconf 68' lang='grc'>111111-</span> <span class='ocrx_word' id='word_1_235' title='bbox 686 2134 787 2176; x_wconf 75' lang='lat' dir='ltr'>erexit³⁵.</span> 
     </span>
    </p>

    <p class='ocr_par' dir='ltr' id='par_1_4' title="bbox 90 2208 996 2850">
     <span class='ocr_line' id='line_1_29' title="bbox 148 2208 994 2261; baseline 0.001 -11"><span class='ocrx_word' id='word_1_236' title='bbox 148 2212 176 2250; x_wconf 86' lang='lat' dir='ltr'>In</span> <span class='ocrx_word' id='word_1_237' title='bbox 194 2209 369 2251; x_wconf 84' lang='lat' dir='ltr'>calamitatibus</span> <span class='ocrx_word' id='word_1_238' title='bbox 386 2208 460 2260; x_wconf 86' lang='lat' dir='ltr'>pestis</span> <span class='ocrx_word' id='word_1_239' title='bbox 477 2221 573 2261; x_wconf 88' lang='lat' dir='ltr'>magnae</span> <span class='ocrx_word' id='word_1_240' title='bbox 592 2220 653 2249; x_wconf 76' lang='lat' dir='ltr'>annm</span> <span class='ocrx_word' id='word_1_241' title='bbox 672 2209 726 2248; x_wconf 79' lang='grc'>1318</span> <span class='ocrx_word' id='word_1_242' title='bbox 746 2209 808 2259; x_wconf 88' lang='lat' dir='ltr'>apud</span> <span class='ocrx_word' id='word_1_243' title='bbox 828 2209 994 2251; x_wconf 77' lang='lat' dir='ltr'>Carcassonam</span> 
     </span>
     <span class='ocr_line' id='line_1_30' title="bbox 92 2280 995 2334; baseline 0.001 -12"><span class='ocrx_word' id='word_1_244' title='bbox 92 2285 178 2324; x_wconf 85' lang='lat' dir='ltr'>iratres</span> <span class='ocrx_word' id='word_1_245' title='bbox 189 2283 365 2324; x_wconf 84' lang='lat' dir='ltr'>Praedicatores</span> <span class='ocrx_word' id='word_1_246' title='bbox 375 2282 474 2323; x_wconf 87' lang='lat' dir='ltr'>caritate</span> <span class='ocrx_word' id='word_1_247' title='bbox 486 2282 551 2324; x_wconf 86' lang='lat' dir='ltr'>ducti</span> <span class='ocrx_word' id='word_1_248' title='bbox 563 2281 726 2323; x_wconf 83' lang='lat' dir='ltr'>conventuales</span> <span class='ocrx_word' id='word_1_249' title='bbox 739 2280 863 2333; x_wconf 80' lang='lat' dir='ltr'>Minorum,</span> <span class='ocrx_word' id='word_1_250' title='bbox 877 2283 916 2334; x_wconf 85' lang='lat' dir='ltr'>qui</span> <span class='ocrx_word' id='word_1_251' title='bbox 929 2283 995 2334; x_wconf 88' lang='lat' dir='ltr'>prius</span> 
     </span>
     <span class='ocr_line' id='line_1_31' title="bbox 93 2350 995 2408; baseline 0.001 -12"><span class='ocrx_word' id='word_1_252' title='bbox 93 2369 160 2407; x_wconf 80' lang='lat' dir='ltr'>qnam</span> <span class='ocrx_word' id='word_1_253' title='bbox 180 2357 353 2398; x_wconf 88' lang='lat' dir='ltr'>Praedicatores</span> <span class='ocrx_word' id='word_1_254' title='bbox 373 2350 511 2396; x_wconf 80' lang='lat' dir='ltr'>infirmitate</span> <span class='ocrx_word' id='word_1_255' title='bbox 531 2355 702 2405; x_wconf 82' lang='lat' dir='ltr'>inliciebantur,</span> <span class='ocrx_word' id='word_1_256' title='bbox 724 2358 837 2396; x_wconf 87' lang='lat' dir='ltr'>curarunt</span> <span class='ocrx_word' id='word_1_257' title='bbox 857 2358 880 2396; x_wconf 89' lang='lat' dir='ltr'>et</span> <span class='ocrx_word' id='word_1_258' title='bbox 901 2356 995 2408; x_wconf 87' lang='lat' dir='ltr'>sepelie-</span> 
     </span>
     <span class='ocr_line' id='line_1_32' title="bbox 92 2429 996 2482; baseline 0 -12"><span class='ocrx_word' id='word_1_259' title='bbox 92 2433 175 2471; x_wconf 75' lang='lat' dir='ltr'>runt³¹³.</span> <span class='ocrx_word' id='word_1_260' title='bbox 197 2433 257 2472; x_wconf 90' lang='lat' dir='ltr'>Dum</span> <span class='ocrx_word' id='word_1_261' title='bbox 277 2433 340 2482; x_wconf 85' lang='lat' dir='ltr'>peste</span> <span class='ocrx_word' id='word_1_262' title='bbox 360 2429 520 2471; x_wconf 84' lang='lat' dir='ltr'>lalmrnutibus</span> <span class='ocrx_word' id='word_1_263' title='bbox 541 2430 662 2470; x_wconf 83' lang='lat' dir='ltr'>assisteret</span> <span class='ocrx_word' id='word_1_264' title='bbox 682 2430 796 2471; x_wconf 70' lang='lat' dir='ltr'>reterns</span> <span class='ocrx_word' id='word_1_265' title='bbox 817 2431 904 2471; x_wconf 88' lang='lat' dir='ltr'>Holcot</span> <span class='ocrx_word' id='word_1_266' title='bbox 923 2432 996 2471; x_wconf 79' lang='lat' dir='ltr'>tamo-</span> 
     </span>
     <span class='ocr_line' id='line_1_33' title="bbox 93 2502 995 2556; baseline -0.004 -10"><span class='ocrx_word' id='word_1_267' title='bbox 93 2506 196 2547; x_wconf 85' lang='lat' dir='ltr'>sissinms</span> <span class='ocrx_word' id='word_1_268' title='bbox 215 2506 276 2546; x_wconf 84' lang='lat' dir='ltr'>inter</span> <span class='ocrx_word' id='word_1_269' title='bbox 294 2507 380 2546; x_wconf 83' lang='lat' dir='ltr'>iratres</span> <span class='ocrx_word' id='word_1_270' title='bbox 398 2505 493 2556; x_wconf 72' lang='lat' dir='ltr'>duglas,</span> <span class='ocrx_word' id='word_1_271' title='bbox 514 2506 611 2543; x_wconf 88' lang='lat' dir='ltr'>mortem</span> <span class='ocrx_word' id='word_1_272' title='bbox 630 2502 739 2543; x_wconf 86' lang='lat' dir='ltr'>sacrificii</span> <span class='ocrx_word' id='word_1_273' title='bbox 758 2502 857 2544; x_wconf 83' lang='lat' dir='ltr'>subiit³⁷.</span> <span class='ocrx_word' id='word_1_274' title='bbox 880 2502 995 2544; x_wconf 87' lang='lat' dir='ltr'>Similiter</span> 
     </span>
     <span class='ocr_line' id='line_1_34' title="bbox 92 2574 995 2630; baseline -0.002 -12"><span class='ocrx_word' id='word_1_275' title='bbox 92 2582 156 2630; x_wconf 86' lang='lat' dir='ltr'>peste</span> <span class='ocrx_word' id='word_1_276' title='bbox 169 2582 288 2629; x_wconf 74' lang='lat' dir='ltr'>grassante</span> <span class='ocrx_word' id='word_1_277' title='bbox 302 2579 400 2620; x_wconf 85' lang='lat' dir='ltr'>caritate</span> <span class='ocrx_word' id='word_1_278' title='bbox 422 2578 578 2619; x_wconf 83' lang='lat' dir='ltr'>excellebant:</span> <span class='ocrx_word' id='word_1_279' title='bbox 604 2577 709 2617; x_wconf 70' lang='lat' dir='ltr'>Andreas</span> <span class='ocrx_word' id='word_1_280' title='bbox 723 2576 828 2628; x_wconf 81' lang='lat' dir='ltr'>Abellon‚</span> <span class='ocrx_word' id='word_1_281' title='bbox 853 2574 995 2617; x_wconf 82' lang='lat' dir='ltr'>Laurentius</span> 
     </span>
     <span class='ocr_line' id='line_1_35' title="bbox 92 2649 994 2705; baseline -0.007 -12"><span class='ocrx_word' id='word_1_282' title='bbox 92 2654 120 2694; x_wconf 91' lang='lat' dir='ltr'>de</span> <span class='ocrx_word' id='word_1_283' title='bbox 136 2653 278 2705; x_wconf 64' lang='lat' dir='ltr'>remanant,</span> <span class='ocrx_word' id='word_1_284' title='bbox 296 2652 363 2693; x_wconf 75' lang='lat' dir='ltr'>Anno</span> <span class='ocrx_word' id='word_1_285' title='bbox 380 2651 524 2703; x_wconf 56' lang='lat' dir='ltr'>iteraretur.</span> <span class='ocrx_word' id='word_1_286' title='bbox 544 2650 689 2691; x_wconf 80' lang='lat' dir='ltr'>tlonnulinus</span> <span class='ocrx_word' id='word_1_287' title='bbox 706 2651 734 2691; x_wconf 91' lang='lat' dir='ltr'>de</span> <span class='ocrx_word' id='word_1_288' title='bbox 750 2649 854 2691; x_wconf 80' lang='lat' dir='ltr'>Ariostis</span> <span class='ocrx_word' id='word_1_289' title='bbox 869 2649 934 2700; x_wconf 85' lang='lat' dir='ltr'>prior</span> <span class='ocrx_word' id='word_1_290' title='bbox 951 2649 994 2687; x_wconf 85' lang='lat' dir='ltr'>Bo-</span> 
     </span>
     <span class='ocr_line' id='line_1_36' title="bbox 92 2721 994 2777; baseline -0.004 -11"><span class='ocrx_word' id='word_1_291' title='bbox 92 2726 217 2777; x_wconf 70' lang='lat' dir='ltr'>noniensis,</span> <span class='ocrx_word' id='word_1_292' title='bbox 235 2726 259 2765; x_wconf 90' lang='lat' dir='ltr'>in</span> <span class='ocrx_word' id='word_1_293' title='bbox 276 2727 366 2767; x_wconf 86' lang='lat' dir='ltr'>saeculo</span> <span class='ocrx_word' id='word_1_294' title='bbox 382 2726 421 2766; x_wconf 82' lang='lat' dir='ltr'>XV</span> <span class='ocrx_word' id='word_1_295' title='bbox 437 2726 501 2775; x_wconf 76' lang='lat' dir='ltr'>pesce</span> <span class='ocrx_word' id='word_1_296' title='bbox 518 2723 641 2773; x_wconf 73' lang='lat' dir='ltr'>saeviente,</span> <span class='ocrx_word' id='word_1_297' title='bbox 658 2722 788 2765; x_wconf 90' lang='lat' dir='ltr'>iunioribus</span> <span class='ocrx_word' id='word_1_298' title='bbox 805 2721 921 2773; x_wconf 78' lang='lat' dir='ltr'>religiosis</span> <span class='ocrx_word' id='word_1_299' title='bbox 937 2721 994 2762; x_wconf 87' lang='lat' dir='ltr'>alibi</span> 
     </span>
     <span class='ocr_line' id='line_1_37' title="bbox 90 2794 992 2850; baseline -0.006 -10"><span class='ocrx_word' id='word_1_300' title='bbox 90 2799 213 2841; x_wconf 88' lang='lat' dir='ltr'>collocatis</span> <span class='ocrx_word' id='word_1_301' title='bbox 232 2811 271 2849; x_wconf 87' lang='lat' dir='ltr'>per</span> <span class='ocrx_word' id='word_1_302' title='bbox 291 2799 379 2850; x_wconf 82' lang='lat' dir='ltr'>aliquos</span> <span class='ocrx_word' id='word_1_303' title='bbox 401 2798 511 2849; x_wconf 88' lang='lat' dir='ltr'>probatos</span> <span class='ocrx_word' id='word_1_304' title='bbox 532 2797 693 2837; x_wconf 87' lang='lat' dir='ltr'>conventuales</span> <span class='ocrx_word' id='word_1_305' title='bbox 714 2796 866 2848; x_wconf 84' lang='lat' dir='ltr'>antiquiores,</span> <span class='ocrx_word' id='word_1_306' title='bbox 889 2794 992 2842; x_wconf 81' lang='lat' dir='ltr'>adiutus,</span> 
     </span>
    </p>
   </div>
   <div class='ocr_carea' id='block_1_3' title="bbox 89 2869 1029 3083">
    <p class='ocr_par' dir='ltr' id='par_1_5' title="bbox 89 2869 1029 3083">
     <span class='ocr_line' id='line_1_38' title="bbox 90 2869 501 2926; baseline -0.015 -10"><span class='ocrx_word' id='word_1_307' title='bbox 90 2874 213 2926; x_wconf 84' lang='lat' dir='ltr'>pestiteros</span> <span class='ocrx_word' id='word_1_308' title='bbox 225 2883 306 2923; x_wconf 80' lang='lat' dir='ltr'>niagno</span> <span class='ocrx_word' id='word_1_309' title='bbox 316 2872 392 2911; x_wconf 89' lang='lat' dir='ltr'>animo</span> <span class='ocrx_word' id='word_1_310' title='bbox 403 2869 501 2912; x_wconf 84' lang='lat' dir='ltr'>curavit.</span> 
     </span>
     <span class='ocr_line' id='line_1_39' title="bbox 94 2940 992 3000; baseline -0.008 -10"><span class='ocrx_word' id='word_1_311' title='bbox 94 2987 96 2990; x_wconf 90' lang='lat'>.</span> <span class='ocrx_word' id='word_1_312' title='bbox 145 2948 195 3000; x_wconf 81' lang='lat' dir='ltr'>Ipsi</span> <span class='ocrx_word' id='word_1_313' title='bbox 214 2945 285 2987; x_wconf 89' lang='lat' dir='ltr'>etiam</span> <span class='ocrx_word' id='word_1_314' title='bbox 302 2946 365 2986; x_wconf 84' lang='lat' dir='ltr'>cordi</span> <span class='ocrx_word' id='word_1_315' title='bbox 383 2947 434 2986; x_wconf 85' lang='lat' dir='ltr'>erat</span> <span class='ocrx_word' id='word_1_316' title='bbox 452 2955 497 2984; x_wconf 88' lang='lat' dir='ltr'>non</span> <span class='ocrx_word' id='word_1_317' title='bbox 517 2944 590 2985; x_wconf 88' lang='lat' dir='ltr'>solum</span> <span class='ocrx_word' id='word_1_318' title='bbox 609 2943 745 2985; x_wconf 83' lang='lat' dir='ltr'>camlidatos</span> <span class='ocrx_word' id='word_1_319' title='bbox 765 2943 795 2983; x_wconf 85' lang='lat' dir='ltr'>ad</span> <span class='ocrx_word' id='word_1_320' title='bbox 813 2940 917 2982; x_wconf 88' lang='lat' dir='ltr'>ordinem</span> <span class='ocrx_word' id='word_1_321' title='bbox 936 2942 992 2983; x_wconf 86' lang='lat' dir='ltr'>reci-</span> 
     </span>
     <span class='ocr_line' id='line_1_40' title="bbox 89 3013 1029 3083; baseline -0.009 -20"><span class='ocrx_word' id='word_1_322' title='bbox 89 3024 184 3075; x_wconf 84' lang='lat' dir='ltr'>piendos</span> <span class='ocrx_word' id='word_1_323' title='bbox 199 3020 288 3071; x_wconf 82' lang='lat' dir='ltr'>elevare</span> <span class='ocrx_word' id='word_1_324' title='bbox 301 3030 378 3060; x_wconf 83' lang='lat' dir='ltr'>verum</span> <span class='ocrx_word' id='word_1_325' title='bbox 392 3018 462 3058; x_wconf 88' lang='lat' dir='ltr'>etiam</span> <span class='ocrx_word' id='word_1_326' title='bbox 476 3017 567 3069; x_wconf 77' lang='lat' dir='ltr'>puellis,</span> <span class='ocrx_word' id='word_1_327' title='bbox 584 3020 610 3058; x_wconf 89' lang='lat' dir='ltr'>ut</span> <span class='ocrx_word' id='word_1_328' title='bbox 625 3016 799 3058; x_wconf 87' lang='lat' dir='ltr'>matrimonium</span> <span class='ocrx_word' id='word_1_329' title='bbox 814 3013 874 3054; x_wconf 87' lang='lat' dir='ltr'>inire</span> <span class='ocrx_word' id='word_1_330' title='bbox 888 3022 990 3065; x_wconf 80' lang='lat' dir='ltr'>possent,</span> <span class='ocrx_word' id='word_1_331' title='bbox 1026 3076 1029 3083; x_wconf 35' lang='grc' dir='ltr'>Ι</span> 
     </span>
    </p>
   </div>
   <div class='ocr_carea' id='block_1_4' title="bbox 0 0 1098 3178">
    <p class='ocr_par' dir='ltr' id='par_1_6' title="bbox 0 0 1098 3178">
     <span class='ocr_line' id='line_1_41' title="bbox 0 0 1098 3178; baseline 0 1"><span class='ocrx_word' id='word_1_332' title='bbox 0 0 1098 3178; x_wconf 95' lang='lat' dir='ltr'> </span> 
     </span>
    </p>
   </div>
  </div>
 </body>
</html>
