2188 3178
72 80 112 122 218
395 82 488 117 Rrolutio
504 82 652 122 provinciarum

129 209 157 248 11
178 206 281 259 capitulo
303 209 407 260 generali
428 209 585 252 Carcassonae
605 211 660 253 1378
681 211 794 251 celebrato
816 211 979 264 confirmatur,

73 296 84 321 c
96 283 156 334 quod
169 282 260 323 insulae
274 281 380 323 scalena
395 285 418 325 et
432 283 560 326 Hiberniae
574 283 767 337 Ι111111111111111
782 295 834 325 cum
848 284 940 330 iuribus
953 299 980 328 a·

73 356 157 397 liarum
171 355 351 408 provinciarum.
368 358 399 399 111
414 357 468 399 haec
483 357 552 399 habet
566 358 594 399 iii
608 358 712 411 capitula
722 372 741 399 n.
758 359 834 399 Antea
848 358 873 399 in
887 360 980 411 eapitu-

73 432 102 473 lis
114 431 256 473 Bituricensi
268 432 324 473 1316
337 435 360 474 11
373 433 397 474 11
409 422 545 475 Florentino
558 434 613 475 1374
626 435 742 487 separatio
756 433 850 477 Siciliae
862 434 953 477 insulae
967 447 982 477 e>

71 507 205 560 compagine
221 507 355 559 provinciae
371 509 436 561 regni
453 506 547 550 Siciliae
562 508 672 551 inchoata
688 513 710 552 et
727 510 854 562 approbata
870 509 925 550 init.
944 511 977 551 De

73 580 180 633 pluribus
194 579 380 623 circumstantiis
396 581 456 622 scitu
472 581 609 622 necessariis
625 582 687 624 circa
702 580 980 634 primordiaprovinciac

72 656 148 696 lumen
160 656 231 697 deest.
245 657 285 697 Ita
296 668 343 697 non
355 655 518 709 congnoscitur
531 658 622 709 quando
634 658 734 709 primum
746 656 873 710 capitulum
886 658 977 709 provin--

72 730 129 772 ciale
147 730 288 771 celebratum
305 731 353 772 fuit
370 742 442 782 neque
459 730 533 772 scitur
550 742 632 772 nomen
650 732 720 784 primi
737 731 893 784 provincialis.

126 806 176 845 Imo
195 816 269 856 neque
288 804 352 846 locus
371 805 396 844 in
416 805 474 846 serie
502 804 675 857 provinciarum
705 819 730 848 eo
759 806 824 847 modo
845 804 979 857 provinciae

73 876 163 937 insulae
176 877 270 918 Siciliae
283 879 388 918 seruatos
400 878 442 929 est,
456 872 500 929 quo
513 876 580 919 iuxta
592 880 683 930 teuqms
696 890 751 919 1111
764 877 885 920 erectionis
898 889 979 919 conve-

72 950 138 993 niens
150 950 230 993 fuerit.
244 951 338 992 Etenim
350 951 375 991 in
388 951 491 1002 oaqiitulo
504 951 607 1003 generali
619 953 673 1007 1126
686 952 804 1004 provincia
816 952 906 993 insulae
920 951 978 994 Siei-

73 1025 119 1066 liae
127 1025 163 1066 vel
172 1024 306 1084 Trinacriae
316 1027 369 1076 post
379 1025 522 1066 Dalmatiam
532 1026 586 1067 1380
596 1026 720 1067 fundatam
730 1027 805 1068 locum
814 1027 885 1066 tenet.
897 1024 977 1077 Expli-

73 1101 141 1140 catur
150 1098 269 1140 silentium
280 1098 309 1140 de
317 1099 360 1140 hac
369 1098 489 1150 provincia
499 1100 562 1150 apud
572 1101 626 1140 acia
636 1099 757 1151 utriusque
768 1098 911 1141 obedientiae
922 1111 977 1151 pon-

73 1173 160 1214 tificiae
175 1185 202 1213 ex
219 1172 342 1214 schismate
360 1172 498 1214 occidentali
515 1176 582 1214 etex
599 1172 722 1215 schismate
738 1172 870 1224 provinciae
886 1173 979 1215 noviter

71 1251 167 1300 erectae,
181 1248 205 1288 in
219 1259 264 1300 qua
275 1246 429 1299 provinciales
443 1248 489 1289 dno
500 1250 523 1289 et
536 1248 640 1300 capitula
654 1250 699 1290 [luo
712 1249 765 1290 1390
778 1250 805 1291 de
818 1248 928 1302 regimine
941 1250 977 1290 de-

72 1323 198 1364 certarunt.
214 1321 253 1362 Lis
267 1320 351 1364 similis
364 1321 449 1364 iterum
463 1323 517 1363 1392
530 1307 638 1363 notatur(
649 1323 775 1364 Occasione
788 1322 905 1364 missionis
918 1323 981 1373 Ray--

72 1396 152 1438 mundi
165 1390 278 1448 lOapnani
295 1394 320 1436 in
339 1394 441 1437 insulam
461 1395 555 1437 Siciliae
573 1396 637 1437 velut
655 1395 727 1447 legati
746 1384 868 1448 apostolici
887 1394 924 1436 hic
943 1406 977 1436 ne-

72 1465 263 1511 lantissimus'vir
272 1471 334 1511 certe
345 1470 424 1511 omnia
433 1481 491 1522 qnae
500 1469 578 1522 potuit
589 1481 631 1521 pro
641 1481 697 1520 pace
707 1469 816 1521 religiosa
826 1480 920 1510 suorum
930 1469 980 1510 111--

72 1547 135 1586 trum
146 1544 212 1586 illius
223 1543 300 1596 partis
311 1543 420 1585 tentarit.

127 1618 185 1660 Cum
204 1617 325 1670 provincia
344 1616 479 1664 Trinacriae
499 1617 650 1669 particularis
670 1619 694 1658 et
713 1616 869 1668 independens
890 1628 979 1657 creare-

72 1695 120 1744 tur,
136 1682 290 1733 conventibus
307 1691 413 1733 undecim
431 1693 561 1733 constabat.
583 1692 637 1732 Tres
655 1689 813 1742 aritiquissimi
831 1690 977 1731 Panormita-

72 1778 124 1818 nus,
141 1767 268 1816 Messanae,
285 1766 446 1817 Syracusanus
460 1765 524 1806 aucti
538 1766 579 1816 per
593 1765 652 1806 alios
666 1763 758 1805 Platiae
773 1763 918 1815 Armarinae,
935 1763 980 1805 Ga*

73 1843 191 1882 111111111
200 1840 263 1889 1221,
274 1840 445 1891 Angustanum,
457 1839 628 1890 Trapanensem
638 1850 699 1878 anuo
709 1838 763 1879 1228
774 1836 915 1878 subditione
925 1849 979 1889 pro-

72 1916 159 1957 vinciae
172 1916 290 1956 Romanae
302 1913 447 1964 exsistentes
462 1925 488 1954 ex
501 1914 543 1955 1111
555 1914 617 1971 inter
629 1913 773 1954 Fridericum
788 1913 814 1953 11
826 1916 850 1954 et
862 1914 980 1954 Romanos

71 1990 195 2032 Pontifices
211 1990 235 2030 in
251 1990 321 2041 plena
337 1988 467 2040 evolutione
483 1989 550 2031 valde
565 1987 758 2040 impediebantur.
776 1987 808 2027 111
823 1998 874 2029 cum
890 1989 977 2029 iratres

70 2064 184 2117 intrepide
198 2065 277 2115 partes
291 2062 409 2104 Ecclesiae
424 2063 580 2111 defenderent,
596 2074 610 2103 a
623 2060 716 2113 populis
730 2060 777 2113 regi
793 2060 928 2112 praesertim
942 2062 977 2101 fa-

72 2140 177 2181 ventibus
189 2138 308 2179 interdum
321 2136 423 2178 ludibria
436 2139 459 2178 et
471 2136 609 2177 inimicitias
621 2133 693 2187 passi,
708 2133 782 2174 sedet
794 2144 835 2185 per
848 2134 925 2175 bullas
936 2146 979 2186 pa-

71 2215 134 2266 pales
148 2212 248 2266 protecti
263 2214 326 2254 sunt.
387 2259 388 2265 χ
441 2239 442 2242 ¹

127 2286 219 2327 Pariter
231 2285 323 2338 seditio,
337 2297 395 2337 qnae
407 2286 462 2326 1282
474 2286 516 2326 sub
528 2282 621 2325 nomine
633 2292 780 2332 vesperarum
793 2270 925 2323 Sicularum
936 2293 979 2322 no·
1024 2279 1025 2282 ’

72 2364 98 2402 11
114 2360 196 2412 evenit,
214 2362 237 2400 et
254 2361 375 2411 sequentes
392 2357 539 2400 turbationes
555 2355 666 2408 politicae
682 2354 817 2406 expansioni
833 2353 979 2408 tranquillae

72 2434 213 2486 regularium
228 2432 322 2473 mimine
336 2431 441 2484 propitia
454 2432 559 2473 luerunt.
577 2429 666 2471 Deinde
680 2428 734 2470 1294
749 2427 831 2471 divisio
846 2428 979 2482 provincia*

72 2520 130 2564 rum!
140 2508 256 2548 Romanae
272 2506 298 2546 in
314 2507 443 2547 Romanam
460 2507 484 2546 et
500 2504 526 2544 11
542 2514 625 2544 novam
642 2500 707 2554 regni
725 2501 818 2545 Siciliae
835 2502 977 2545 desiderium

70 2581 164 2623 maoiris
175 2579 323 2622 autonomiae
333 2581 424 2622 nutrite
433 2581 459 2621 in
468 2578 522 2631 ipsa
534 2575 657 2619 Trinacria
664 2578 771 2620 debebat:
780 2579 805 2620 Si
819 2578 913 2630 quedem
924 2589 977 2627 sup-

72 2657 201 2709 ponendum
211 2658 253 2707 est,
265 2652 450 2697 extensissimam
460 2651 605 2706 provinciam
614 2653 741 2692 Romanam
750 2653 773 2693 et
783 2652 864 2703 postea
874 2649 977 2702 amplam·

72 2731 142 2773 etiam
152 2728 294 2781 provinciam
303 2728 369 2780 regni
379 2726 474 2769 Siciliae
484 2724 606 2777 specialem
616 2724 727 2766 vicarium
737 2720 979 2777 11111111111111’111-Ι

69 2805 162 2847 naeniae
178 2803 334 2857 constituisse,
351 2801 464 2844 11111110
479 2800 565 2842 saeculi
580 2800 632 2842 XIV
647 2800 759 2843 directum
774 2799 933 2842 testimoninm
949 2798 979 2839 dc

67 2881 147 2932 aliquo
160 2877 248 2919 vicario
261 2877 368 2930 magistri
382 2875 472 2917 ordinis
485 2873 511 2915 in
525 2873 606 2916 Sicilia
620 2875 723 2928 quierat
737 2874 864 2916 (1111111111
879 2873 906 2913 de
920 2872 975 2912 Vec-

67 2954 152 2997 ehettis
166 2952 256 3012 issicio)
268 2952 341 2992 adest.
354 2949 490 3003 Capitulum
501 2950 606 3002 generale
617 2947 852 2992 Merliolanense134ll
863 2944 975 2988 vicarium

70 3024 198 3079 generalem
212 3024 236 3065 in
250 3022 328 3064 insula
342 3022 437 3064 Siciliae
451 3022 607 3063 Bertrandnm
621 3021 725 3074 Riquerii
739 3022 767 3062 de
781 3019 894 3061 conventu
908 3017 978 3059 Moli-
