2188 3178
93 103 119 138 40
369 128 371 133 ,
441 100 530 134 lirolutio
545 103 643 140 generalis

92 234 206 275 dinalinm
220 233 297 274 Latini
310 236 334 275 et
347 235 455 287 Hugonis
469 235 528 276 sicut
542 236 611 277 etiam
626 237 650 277 in
665 237 724 280 alias
738 239 892 289 expectandus
905 239 994 280 immix-

93 309 170 351 tiones
184 310 291 351 Sanctam
306 309 388 350 Sedem
402 310 543 361 capitulares
557 314 735 363 appeten—unte.

148 385 213 433 (duod
224 396 255 425 ex
271 386 372 435 quatuor
388 385 540 428 mandatariis
556 386 648 438 priores
663 388 830 430 Mincrritanus
847 390 870 429 et
886 389 994 441 Argenti-

93 458 171 500 nensis
189 458 325 516 magistrum
345 460 477 502 llunionem
496 460 625 516 depositum
646 445 800 516 declararunt,
821 463 888 504 modo
906 462 995 516 illegali

92 533 180 574 factum
198 535 240 574 est.
258 527 356 575 Romam
374 534 427 575 dein
445 534 523 575 Murrio
541 548 555 576 a
572 535 670 577 Nicolao
689 538 722 578 IV
740 540 833 579 uocatus
852 536 930 578 officio
948 548 994 578 non
1042 533 1044 538 ’

92 606 162 648 cessit
177 607 238 649 sicut
251 608 316 659 Papa
331 607 478 649 desideravit.
495 610 527 649 At
541 608 587 649 iter
602 610 632 651 ad
648 609 776 661 capitulum
792 611 898 664 generale
913 610 994 652 Palen-

92 681 140 721 tiae
155 681 318 722 celebrandum
336 693 407 733 agens
424 693 465 733 per
482 683 577 734 Papam,
598 683 692 725 «certis
709 684 878 736 emergentibus
894 684 992 726 causis»

92 756 120 809 ab
136 755 213 797 officio
228 756 349 797 absolutus
362 755 437 797 fuitffi.
454 757 511 798 Cum
526 769 578 797 vero
593 756 688 798 litterae
703 758 835 809 pontificiae
851 759 875 799 in
891 761 993 811 tempore

91 841 138 870 non
153 829 296 877 advenerint,
313 829 456 881 capitulares
472 830 583 872 sessiones
599 831 625 871 in
640 842 697 882 pace
712 832 895 874 celebrabantur,
915 835 994 875 Iratus

92 903 202 944 Pontifex
218 904 254 945 die
270 904 297 945 13
313 904 409 955 augusti
425 905 479 946 1291
496 904 662 955 depositionem
680 904 796 949 Munionis
814 908 928 949 roborans
943 919 994 948 eum

92 989 145 1018 cum
166 975 326 1018 definitoribus
347 976 478 1019 Patentinis
499 979 594 1019 Romam
615 978 724 1020 errante.
748 980 811 1028 Quae
831 980 912 1032 utique
933 980 995 1022 ratio

92 1050 136 1092 tali
150 1052 217 1092 modo
230 1050 369 1103 procedendi
384 1053 466 1093 contra
479 1051 611 1093 Munionem
625 1051 722 1093 Nicolao
737 1054 770 1094 IV
784 1054 865 1105 fuerit,
881 1066 928 1094 non
943 1066 995 1095 con·
1041 1037 1043 1040 ⁵

92 1126 149 1165 stat.
165 1123 280 1175 Mortier⁵⁰
294 1136 343 1165 rem
358 1137 386 1166 ex
399 1124 538 1167 formatione
552 1125 646 1177 regulae
660 1125 726 1166 tertii
740 1125 829 1167 ordinis
844 1126 994 1169 dominiciani

91 1198 170 1249 Papae
182 1198 328 1240 franciscano
342 1197 405 1239 lraud
417 1201 512 1249 accepta
525 1198 617 1250 repetit.
634 1199 701 1240 Certe
715 1197 823 1240 Nicolaus
838 1200 873 1241 IV
886 1212 933 1241 non
947 1212 993 1241 nna

91 1272 140 1313 vice
153 1272 178 1312 in
192 1270 368 1313 Praedicatores
381 1271 457 1313 mInus
471 1274 562 1323 gratum
577 1284 601 1313 se
614 1271 706 1313 ostendi
719 1274 744 1312 ⁵1.
760 1272 848 1314 Contra
862 1272 993 1325 depositum

92 1344 236 1397 magistrum,
254 1345 307 1385 dnm
324 1344 354 1386 ad
370 1344 528 1397 episcopatum
544 1345 731 1387 Palentinensem
747 1344 817 1386 libere
834 1345 922 1388 electus
938 1346 992 1396 fuit,

91 1418 176 1459 iterum
193 1418 222 1459 lis
238 1419 291 1459 acta
307 1420 370 1459 est⁵².
388 1418 468 1460 Libere
485 1430 499 1459 a
515 1418 651 1470 praesulatu
668 1418 787 1461 discedens
802 1418 883 1460 Munio
900 1418 925 1459 in
942 1430 998 1461 con-¹

91 1494 161 1534 ventu
178 1493 201 1533 S.
221 1491 320 1533 Sabinae
337 1488 368 1532 de'
381 1492 443 1533 Urbe
460 1504 520 1533 anno
536 1493 596 1533 1300*
609 1491 696 1544 quievit
714 1506 725 1531 u
735 1495 829 1533 sanctae
847 1491 991 1534 memoriae»

91 1566 177 1607 famam
192 1564 350 1617 relincuerrs⁵³.

151 1799 169 1845 c)
183 1798 363 1836 EXUBERANTIA
376 1797 486 1836 ORDINIS
499 1799 529 1835 ET
542 1799 683 1836 PARTIALIS
697 1798 819 1843 DILAPSUS
832 1798 950 1848 (1291-1380)

126 2024 128 2027 ’
147 2009 208 2050 Ordo
224 2007 415 2050 Praedicatorum
431 2018 445 2047 a
461 2006 505 2047 fine
521 2007 607 2047 saeculi
623 2008 682 2047 XIII
698 1998 761 2059 etin
777 2006 853 2058 prima
869 2005 993 2047 medietate

90 2081 177 2123 saeculi
192 2082 244 2122 XIV
259 2080 435 2122 exuberantiam
451 2082 526 2123 status
542 2080 653 2130 ostendit,
671 2080 767 2131 quaein
784 2077 940 2120 extensionem
956 2091 992 2121 ac·

91 2154 163 2198 tionis
176 2158 199 2196 et
211 2155 235 2194 in
249 2151 560 2205 dissolutionem'quamdam
575 2165 630 2194 suae
644 2153 706 2193 vitae
719 2151 837 2194 interioris
852 2151 928 2193 cessit.
944 2153 992 2194 Ma-

91 2228 159 2280 gistri
173 2228 288 2279 generales
303 2239 350 2268 non
364 2227 429 2268 illam
444 2226 632 2268 fecundissimam
647 2228 670 2267 et
685 2237 787 2267 securam
802 2224 952 2266 directionem
967 2226 992 2266 in

90 2301 194 2343 ordinem
204 2312 311 2342 exercere
326 2302 444 2352 poterant,
460 2311 511 2360 cum
525 2299 570 2341 sibi
585 2298 683 2340 celerius
699 2299 852 2340 succederent.
870 2300 901 2340 nt
917 2300 992 2351 qrroad

90 2376 162 2416 vitam
173 2374 347 2416 conventualem
357 2373 431 2425 magis
442 2373 558 2425 magisque
567 2373 609 2414 ille
620 2384 669 2414 sese
680 2370 778 2412 habendi
788 2373 877 2425 modus,
890 2373 930 2425 qui
940 2384 992 2413 con-

91 2448 256 2490 ventualismns
271 2448 366 2499 dicitur,
382 2447 489 2488 invaluit.
505 2448 579 2488 Facta
593 2445 683 2498 pariter
697 2444 807 2486 historiae
821 2445 998 2487 ecclesiasticae¹

91 2525 114 2562 et
128 2521 203 2563 civilis
216 2525 238 2563 et
252 2521 392 2562 universalis
406 2521 471 2562 valde
484 2520 508 2561 in
522 2519 627 2561 ordinem
641 2518 778 2559 influebant.
794 2520 831 2560 Et
840 2518 931 2571 quidem
946 2530 992 2559 non

91 2596 165 2636 solum
181 2595 279 2636 nitidior
293 2594 445 2647 participatio
461 2594 539 2635 curiae
554 2594 673 2633 Romanae
688 2590 713 2631 in
729 2592 890 2644 componendis
907 2592 942 2632 vel
959 2590 992 2631 di-

90 2669 193 2720 rigendis
208 2669 274 2710 rebus
290 2668 380 2709 ordinis
396 2669 500 2720 appa-ret,
518 2678 597 2707 rerum
613 2664 684 2705 etiam
700 2666 857 2708 contentiones
874 2666 936 2705 inter
952 2676 991 2715 pa-

90 2744 172 2795 patum
190 2745 212 2783 ct
228 2741 342 2783 Franciae
359 2753 455 2793 regnum
472 2742 495 2781 et
511 2741 593 2791 postea
611 2738 735 2780 translatio
753 2739 892 2797 residentiae
909 2739 992 2778 Roma-

89 2828 173 2858 norum
190 2815 328 2856 Pontificum
345 2816 374 2856 ab
391 2815 453 2855 Urbe
469 2813 609 2854 Arenioncm
627 2813 650 2852 et
666 2811 719 2854 lites
736 2812 891 2872 interPapas
908 2811 991 2852 Aveni-

89 2888 171 2932 ncuses
185 2891 208 2931 et
221 2888 361 2930 erdovicum
375 2890 499 2939 Bavarum,
514 2884 633 2938 oppressio
647 2887 784 2938 populorum
797 2897 838 2938 per
853 2884 990 2925 ecclesiasti-

88 2977 128 3006 cas
139 2963 234 3015 pannias1
246 2973 334 3003 necnon
345 2964 368 3002 et
380 2962 464 3002 bellum
476 2961 566 3001 centum
578 2971 692 3001 annorum
703 2960 764 3001 inter
775 2958 863 3010 Anglos
875 2960 899 2999 et
911 2959 992 3000 Gallos
