2101 3187
416 60 542 95 Reformatio
553 59 707 99 Raymundiana
987 58 1013 98 59

111 198 202 229 servare
219 187 248 229 ad
266 198 378 239 unguem3
398 185 437 237 qui
455 183 603 226 considerans
622 185 683 236 quod
701 183 816 226 dictorum
834 186 936 226 fratrum
955 185 1013 227 desi-

110 261 199 303 derium
215 262 278 304 salva
288 258 437 320 conscientia
452 258 564 311 impedire
580 271 627 300 non
642 260 735 311 poterat
752 271 793 301 nec
809 260 906 302 debebat
922 271 963 312 per
979 259 1012 300 di-

109 336 194 378 lectum
212 336 285 378 filium
304 333 436 377 Oonradum
454 333 482 374 de
500 332 621 374 Prussia...
641 333 666 373 in
684 333 792 384 partibus
808 333 960 375 Alemanniae
978 333 1012 373 in-

109 409 170 462 cepit
185 409 317 463 praedictos
332 408 419 448 fratres
435 407 559 448 secundum
575 406 764 448 consuetudinem
781 407 839 449 dicti
854 407 943 450 ordinis
960 419 1011 448 con-

109 495 204 537 gregare
221 482 286 525 etin
304 481 453 523 Columbaria
470 480 582 532 Basilien,
601 479 711 523 dioecesis
729 480 791 522 circa
809 481 908 533 triginta
925 482 1012 523 fratres

108 555 264 611 congregavit,
288 554 372 606 quibus
391 553 452 595 idern
474 553 584 606 magister
606 554 698 595 dictum
716 554 848 596 Gouradum
870 554 1006 608 praeposuit

108 632 146 684 qui
164 627 345 672 constitutiones
362 627 420 669 dicti
438 627 526 689 ordinis
545 627 693 680 integraliter
712 629 835 670 observant
853 640 905 670 cum
924 630 1010 671 effectu

109 707 132 746 et
149 704 206 745 adeo
224 702 394 755 praedicationi
411 702 475 743 verbi
493 701 536 744 Dei
553 702 656 754 exemplo
676 701 733 744 dicti
752 702 814 743 beati
832 701 948 745 Dominici
967 702 1012 744 vir-

110 781 176 820 tuose
194 775 316 826 insistunt,
336 775 397 828 quod
415 776 443 817 de
461 777 512 817 tota
531 775 610 827 patria
628 775 794 817 circumstante
813 779 955 817 concurrunt
974 776 1012 817 ho-

108 851 181 893 mines
197 851 226 891 ad
243 849 383 892 audiendum
400 849 529 891 doctrinam
545 861 632 901 eorum,
650 861 718 902 quam
734 849 806 892 factis
821 849 892 891 etiam
908 849 1011 892 virtuose

110 925 249 966 confirmant
260 938 279 965 r.
296 925 334 965 Ita
349 923 484 965 Bonifatius
500 912 529 964 IX
545 923 572 965 de
587 922 623 965 his
638 925 748 976 testatur,
765 923 863 975 quaein
879 923 1014 965 aberrantia

109 1009 151 1057 per
167 997 304 1050 magistrum
320 998 482 1048 Rapmundum
498 996 652 1038 instauranda
668 1009 730 1038 anno
746 997 801 1039 1389
817 999 959 1038 0101011117.
978 998 1012 1038 Ex

108 1071 145 1113 his
164 1061 252 1124 quoque
271 1072 391 1113 methodus
410 1083 424 1112 a
442 1071 578 1122 navmundo
597 1073 718 1123 assumpta
737 1073 842 1123 apparet.
864 1071 964 1123 Etenim,
985 1074 1011 1112 ut

110 1145 160 1196 ipse
179 1147 281 1196 enarrat,
302 1147 377 1196 «post
396 1145 459 1197 longi
478 1145 589 1197 temporis
608 1144 798 1187 deliberationem
817 1148 841 1188 et
860 1145 1012 1197 multiplicem

109 1219 214 1260 habitam
228 1218 408 1261 *collocutionem
427 1231 478 1260 cum
496 1218 611 1260 fratribus
628 1218 702 1271 magis
719 1218 856 1261 timentibus
875 1220 957 1268 Deum,
978 1219 1017 1276 da

39 1296 42 1303 ¹
111 1290 172 1333 crevi
192 1292 284 1334 omnino
304 1295 353 1334 tam
373 1304 415 1345 pro
435 1291 566 1345 inceptione
586 1293 760 1333 reformationis
779 1293 861 1335 totalis
883 1305 950 1345 quam
971 1305 1013 1345 pro

111 1366 272 1408 satisfactione
290 1365 368 1407 sancti
386 1365 495 1407 desiderii
514 1367 615 1407 fratrum
635 1366 831 1418 supradictorum,
852 1366 933 1408 taliter
953 1365 1013 1407 ordi·

110 1451 174 1492 nare,
193 1441 253 1492 quod
269 1439 295 1480 in
312 1438 415 1491 qualibet
431 1439 551 1491 provincia
568 1439 600 1480 sit
616 1440 646 1480 ad
663 1438 741 1480 minus
757 1451 816 1481 unus
835 1441 968 1491 conventus,
987 1439 1012 1480 in

115 1525 159 1565 quo
181 1512 295 1565 regularis
317 1512 465 1555 observantia
486 1514 594 1554 teneatur
615 1513 645 1554 ad
667 1524 766 1565 unguem
787 1512 855 1554 iuxta
876 1515 1009 1554 nostrarum

112 1569 306 1628 constitutionum
324 1588 426 1628 tenorem
444 1590 468 1628 et
485 1587 583 1628 formam
594 1600 613 1627 o.
633 1587 668 1627 De
686 1586 825 1628 ferventium
843 1587 944 1628 fratrum
963 1598 1014 1628 con-

112 1660 164 1702 silio
178 1663 201 1701 et
214 1672 310 1702 assensu
323 1671 411 1701 necnon
425 1662 448 1702 et
461 1658 603 1701 auctoritate
617 1659 653 1701 sui
667 1659 740 1701 officii
753 1662 777 1701 et
790 1662 906 1713 potestate
920 1660 941 1700 ei
955 1672 1014 1701 corn-

111 1734 182 1775 missa
201 1746 215 1775 a
234 1734 339 1786 capitulo
357 1733 459 1786 generali
478 1733 605 1775 Viennensi
623 1733 680 1774 anni
699 1734 753 1776 1388
773 1735 924 1785 Raymundus
945 1734 1014 1785 depu-
1032 1754 1033 1757 =

112 1808 225 1850 tationem
241 1807 374 1863 huiusmodi
390 1809 544 1849 conventuum
560 1807 642 1849 saltem
658 1807 788 1849 infrenes
804 1806 917 1849 alentium
934 1806 958 1846 in
969 1806 1015 1848 sin-

112 1881 173 1934 gulis
187 1881 312 1934 provinciis
326 1881 391 1922 iutra
405 1893 491 1922 annum
505 1880 636 1922 faciendam
650 1875 769 1933 praecepit
783 1880 880 1922 liberam
895 1882 917 1922 et
932 1880 1015 1933 imper-

111 1956 231 1997 turbatam
242 1954 375 1996 huiusmodi
385 1955 487 1996 fratrum
499 1953 570 1995 vitam
583 1954 724 1996 desiderans.
738 1954 783 2004 Qui
795 1956 873 1995 autem
885 1954 1014 2007 superiores

112 2028 284 2079 provinciarum
301 2027 354 2069 huic
370 2021 493 2080 praecepto
509 2039 555 2069 non
572 2026 701 2079 paruerint,
719 2026 821 2068 absoluti
837 2026 862 2067 in
878 2039 975 2080 paenam
993 2030 1016 2068 et

113 2101 226 2145 inhabiles
242 2103 273 2143 ad
288 2101 366 2143 officia
381 2101 568 2143 declarabantur.
586 2100 751 2143 Ordinationes
766 2100 906 2150 huiusmodi,
924 2102 1016 2142 statuta

113 2183 136 2216 et
153 2176 265 2217 mandata
283 2174 424 2217 auctoritate
442 2174 571 2227 apostolica
588 2173 704 2216 Bonifatii
722 2175 752 2216 IX
770 2174 807 2216 die
825 2175 837 2216 9
855 2174 1027 2216 inuarii1391'

31 2292 33 2297 ¹
59 2305 61 2308 .
114 2244 212 2299 probata
224 2251 297 2301 saud,
311 2249 401 2291 elevata
413 2248 491 2289 subito
503 2260 530 2289 ex
542 2249 610 2300 parte
621 2247 725 2299 plurium
738 2246 922 2289 murmuratione
935 2250 1016 2289 contra

89 2355 92 2363 2
113 2321 204 2362 modum
216 2322 355 2374 procedendi
366 2334 380 2363 a
390 2321 502 2374 magistro
513 2321 615 2375 generali
626 2320 774 2362 adhibitum.
785 2376 786 2379 Ἰ

116 2400 118 2425 ἒ
169 2395 320 2445 Raymundus
341 2397 423 2437 contra
444 2396 486 2436 has
506 2395 702 2436 murmurationes
723 2394 838 2436 cardinali
859 2395 967 2448 Philippo
990 2396 1017 2436 de

114 2468 240 2519 Alenconio
255 2468 370 2511 rationem
385 2469 516 2520 reddidit10,
532 2470 597 2520 Papa
612 2468 677 2510 bulla
692 2468 738 2510 diei
753 2469 766 2510 1
782 2468 907 2510 decembris
923 2468 978 2511 1393
994 2471 1017 2510 et

115 2531 347 2594 magistro'generali
364 2542 466 2595 epistula
485 2542 531 2584 diei
547 2543 575 2583 16
593 2542 673 2584 martii
690 2543 745 2584 1395
766 2544 802 2595 (ut
820 2544 931 2594 quaedam
950 2542 1017 2584 docu-

116 2617 193 2656 menta
207 2614 318 2665 citentur)
334 2626 382 2656 rem
397 2614 573 2657 reformationis
587 2614 806 2657 confirmantibusss.
1019 2618 1020 2621 ’

171 2689 287 2730 Intererat
303 2687 435 2739 Raymundi
451 2690 505 2731 ante
521 2688 599 2731 omnia
615 2692 741 2730 0000001111
757 2689 869 2741 'speciales
885 2701 927 2741 pro
943 2690 1018 2730 obser-

116 2756 191 2804 vanda
203 2760 327 2813 disciplina
338 2764 449 2804 accurata
462 2765 572 2804 statuere.
586 2764 637 2805 Hoc
647 2762 712 2814 fecit,
726 2765 753 2804 ut
765 2762 864 2804 discrete
876 2765 1015 2816 procederet.

116 2837 168 2877 Non
186 2835 246 2877 enim
263 2845 340 2876 omnes
357 2838 483 2877 conventus
501 2837 531 2877 ad
548 2836 737 2883 reformationem
754 2837 839 2878 adduci
857 2848 923 2888 posse
941 2835 1015 2888 scivit,

116 2909 177 2950 sicut
190 2921 231 2950 nec
245 2908 340 2950 cunctos
352 2907 440 2948 fratres
453 2910 483 2949 ad
496 2910 633 2951 severiorem
647 2910 709 2951 vitae
723 2909 814 2961 praxim
829 2909 947 2963 obligavit.
963 2909 1017 2949 licet

116 2994 194 3024 omnes
206 2981 342 3023 invitavitff.
357 2981 480 3022 Formatos
492 2983 580 3023 fratres
592 2983 617 3022 in
630 2983 692 3025 hisce
705 2983 855 3025 conventibus
869 2983 931 3024 velut
944 2993 1017 3034 grana
