2101 3187
406 81 502 115 Rationes
521 81 633 114 studiorum
932 80 970 121 125

71 207 173 249 Parisios
186 209 213 249 de
225 208 344 260 provincia
355 223 373 249 1).
389 222 400 248 c
411 209 468 250 (lum
480 209 555 249 irater
567 209 594 249 de
606 207 724 259 provincia
736 207 761 247 in
773 207 892 260 provincia
905 209 928 248 et
940 208 970 248 ad

70 282 194 334 regendum
207 282 318 334 mittitur,
333 294 410 323 omnes
423 282 495 323 libros
508 293 562 324 snos
573 284 597 323 et
609 282 723 334 glossatos
736 284 759 322 et
772 281 870 323 bibliam
880 283 902 322 et
917 293 977 332 qua->

70 358 148 397 ternos
163 368 238 397 secum
253 354 349 407 deierat.
366 356 392 398 Si
405 368 457 397 vero
472 355 575 397 mittitur
589 358 613 396 et
627 367 672 396 non
686 356 716 397 ad
730 356 861 408 regendum,
877 357 970 396 tautum

69 432 164 474 bibliam
184 435 208 474 et
227 434 352 484 quaternos
372 433 479 484 portet».
501 432 538 472 Ad
558 432 618 473 hanc
638 431 751 473 rationem
772 431 901 473 studiorum
923 430 971 472 alia

69 501 142 559 magis
153 507 214 548 cirea
224 518 310 547 annum
320 507 375 548 1231
385 506 477 547 exculta
487 507 617 555 accedebat,
629 504 694 547 cuius
704 507 771 545 tenor
781 504 858 556 periit.
871 502 970 545 Nonnisi

70 594 97 622 61
111 581 213 633 capitulo
227 580 329 632 generali
343 580 399 621 anni
412 581 466 621 1236
479 580 534 621 haec
548 580 669 621 constant:
689 580 863 631 «approbamus
878 578 970 619 ordina-

69 655 155 696 tionem
171 654 244 696 studii
259 655 346 694 tactam
362 654 387 694 in
402 653 545 706 paenultimo
561 653 664 705 capitulo
680 652 778 694 Parisiis
794 652 916 703 celebrato,
933 654 970 692 en-

69 732 135 780 cepto
150 730 210 781 quod
224 729 312 769 iratres
325 727 420 769 bibliam
434 728 549 780 perlegere
564 739 610 768 non
625 729 749 768 teneantur
760 728 789 766 ul.

124 806 193 847 Ratio
209 805 339 846 studiorum
354 807 379 847 in
394 806 600 849 constitutionibus
615 808 805 858 Raymundianae
820 809 908 856 formae
923 821 969 850 uno

69 880 172 932 capiitulo
187 879 291 939 resumit,
308 892 366 931 quae
380 881 405 921 in
419 881 625 925 constitutionibus
640 882 694 924 1288
709 882 926 923 distrilniebantur⁸.

125 955 172 995 Sub
187 955 214 994 B.
232 942 332 995 Iordano
347 955 447 996 evolutio
463 955 497 995 rei
512 955 662 997 scholasticae
677 958 781 1008 perlecta
795 958 846 1004 estl,
864 955 908 997 etsi
924 956 970 996 sin-

69 1029 123 1079 gula
139 1027 223 1068 sensim
238 1028 264 1067 in
279 1028 448 1080 legislationem
463 1028 590 1070 intrarunt.
607 1031 675 1071 Anno
691 1030 745 1071 1218
762 1031 821 1082 quod
837 1029 862 1070 in
878 1029 970 1081 provin-

68 1102 112 1143 ciis
126 1101 270 1152 Provinciae,
286 1102 445 1154 Lombardiae,
461 1102 593 1155 Teritoniae,
610 1103 709 1155 Angliae
725 1117 736 1143 c
747 1102 876 1155 semperin
890 1102 969 1156 aliquo
1017 1107 1019 1111 '

69 1177 182 1216 conventu
197 1175 270 1227 magis
285 1175 367 1217 idoneo
382 1176 413 1218 sit
428 1177 533 1228 generale
548 1177 650 1218 studium
666 1180 689 1218 et
703 1177 805 1218 solemne
819 1179 842 1218 et
857 1178 887 1218 ad
902 1176 969 1218 illum

69 1249 144 1290 locum
162 1248 259 1300 quilibet
277 1249 341 1300 prior
358 1249 508 1301 provincialis
526 1252 664 1301 potestatem
682 1251 766 1292 habeat
784 1250 893 1291 mittendi
912 1250 969 1291 duos

68 1323 154 1364 iratres
169 1324 199 1363 ad
214 1322 317 1363 studium
328 1337 339 1362 11
356 1323 473 1364 definitive
488 1323 628 1364 statuitur¹⁰.
645 1325 771 1376 Postquam
786 1324 918 1365 Alexander
935 1325 969 1365 IV

68 1398 122 1437 1251
140 1396 277 1448 qualitatem
295 1397 389 1438 lectoris
406 1397 431 1437 in
449 1396 529 1438 ordine
547 1397 736 1439 Praedicatorum
755 1397 887 1449 definivitss,
906 1397 968 1450 capi-

15 1479 17 1488 *
67 1472 142 1512 tulum
157 1472 263 1523 generale
277 1471 414 1514 Valencenis
429 1472 483 1513 1259
499 1473 661 1525 congregatum
676 1485 716 1524 per
731 1473 854 1525 magistros
870 1473 969 1514 Bonum-

68 1545 189 1598 hominem,
215 1546 367 1599 Florentium,
393 1547 514 1587 Albertum
539 1547 655 1598 Magnum,
681 1546 791 1587 'thomam
815 1546 843 1587 de
868 1545 967 1598 Aquino,

68 1620 163 1660 Petrum
180 1620 207 1660 de
224 1619 363 1661 rarantasia
378 1622 471 1661 statuta
488 1621 514 1660 de
531 1619 616 1661 studiis
632 1619 713 1671 edidit,
732 1631 789 1671 quae
806 1631 866 1660 anno
883 1619 969 1660 12116

68 1693 173 1744 capitulo
187 1693 336 1745 Lugdunensi
351 1694 381 1734 ad
397 1693 470 1734 studii
485 1693 651 1744 promotionem
667 1693 785 1740 inculcata
801 1694 883 1733 sunt12.

123 1767 204 1815 Quoad
221 1767 364 1817 professores
381 1767 523 1808 Parisienses
540 1766 574 1806 nil
592 1767 677 1818 absque
694 1766 791 1808 consilio
809 1765 914 1818 magistri
933 1777 968 1806 or-

69 1841 131 1881 dinis
147 1841 183 1882 vel
200 1840 350 1892 provincialis
368 1840 482 1882 Franciae
500 1840 575 1881 fiebat.
594 1840 703 1883 Lectores
719 1839 813 1880 nonnisi
830 1839 855 1879 in
873 1839 972 1892 legendo

68 1916 210 1965 occupentur
225 1915 248 1954 et
263 1913 303 1954 ubi
319 1914 402 1955 desunt
417 1914 514 1955 lectores
529 1913 640 1965 magister
655 1925 696 1964 per
711 1913 846 1955 visitatores
861 1913 968 1965 suppleat

67 1988 123 2029 locis
138 1988 282 2029 vacantibus.
299 1987 345 2029 Ubi
360 1987 576 2039 estinsutficientia
592 1987 704 2028 lectorum
720 2001 731 2026 (1
742 1988 772 2027 ad
787 1986 878 2038 publice
893 1986 967 2038 legen-

20 2108 21 2111 ,
68 2061 122 2101 dnm
133 2075 144 2101 u
156 2046 313 2112 provideatur
324 2061 351 2103 de
365 2061 464 2114 privatis
478 2060 617 2101 lectionibus
630 2061 728 2102 maxime
742 2060 804 2101 circa
819 2059 929 2101 historias
945 2062 968 2100 61

68 2146 180 2175 summam
194 2136 222 2176 de
236 2134 334 2176 casibus.
350 2134 516 2187 Frequentatio
531 2134 661 2175 scholarum
676 2146 716 2186 per
730 2135 816 2174 iratres
831 2135 854 2174 et
869 2144 925 2174 cura
941 2132 968 2174 de

67 2207 129 2259 aptis
149 2208 179 2248 ad
199 2209 339 2252 studendum
359 2210 382 2249 et
401 2207 567 2260 proficiendum
587 2207 721 2259 imponitur.
744 2206 875 2248 Necessitas
895 2206 968 2258 philo-

67 2280 174 2332 sophicae
189 2275 316 2322 culturae1³
331 2282 356 2322 in
372 2282 462 2323 ratione
478 2281 608 2323 studiorum
624 2281 712 2323 ordinis
727 2280 918 2322 Praedicatorum
934 2292 968 2321 re-

67 2355 158 2395 levatur
172 2356 242 2405 prout
257 2367 272 2395 a
286 2356 313 2395 B.
330 2356 425 2397 Alberto
441 2356 525 2407 Magno
539 2354 665 2406 sapienter,
682 2356 816 2396 constanter
831 2356 854 2395 et
870 2353 968 2395 firmiter

68 2413 173 2481 promota
184 2427 259 2467 1111114.
272 2429 398 2481 Postquam
409 2429 434 2469 in
445 2428 570 2480 provinciis
582 2427 672 2480 gallicis
684 2430 707 2469 et
719 2427 910 2469 meridionalibus
919 2429 969 2469 stu-

44 2510 45 2514 ’
67 2502 106 2543 dia
119 2501 205 2542 artium
217 2500 246 2540 ab
258 2501 313 2542 1241
325 2502 460 2544 introducta
473 2491 555 2554 sunt1⁵,
569 2502 624 2542 1261
636 2513 678 2553 pro
691 2501 797 2553 pluribus
809 2501 863 2542 aliis
876 2500 967 2553 provin-

66 2576 109 2617 ciis
121 2576 198 2617 eadem
209 2574 374 2616 conceduntur.
389 2589 400 2616 «
411 2578 439 2617 In
451 2575 570 2628 provincia
582 2587 634 2616 vero
646 2575 772 2616 Teutoniae
783 2565 909 2615 instituant
922 2575 968 2616 duo

67 2650 102 2690 vel
115 2649 163 2690 tria
175 2646 253 2690 studia
266 2646 399 2690 huiusmodi
409 2650 449 2690 ult.
465 2650 549 2690 Postea
562 2649 624 2699 1211,
639 2650 666 2689 ut
678 2650 764 2689 tratres
778 2648 855 2690 minus
868 2647 968 2700 philoso-

67 2723 135 2774 phiae
145 2721 276 2772 intendant,
290 2720 440 2762 ordinatura

123 2788 219 2838 Saeculo
235 2795 287 2835 niv
303 2793 408 2836 intrante
425 2796 506 2837 Iannis
523 2797 616 2837 131561
633 2783 808 2837 Venetiis1325
825 2796 968 2837 momentosa

67 2872 94 2912 de
109 2870 195 2911 studiis
209 2869 285 2911 edicta
299 2869 360 2907 sunt.
378 2868 471 2908 Etenim
487 2882 498 2908 u
508 2870 589 2910 nullus
602 2869 738 2910 notabiliter
753 2868 842 2910 iuvenis
856 2864 967 2909 'mittatur

66 2945 96 2985 ad
109 2943 188 2985 studia
199 2942 286 2984 artium
298 2942 351 2982 ante
363 2940 459 2981 tertium
471 2953 558 2982 annum
571 2944 599 2983 ab
612 2942 718 2994 ingressu
729 2956 748 2983 u.
763 2942 851 2983 Deinde
864 2941 966 2982 studium

67 3017 199 3069 logicalium
211 3028 252 3068 per
263 3018 310 3056 tres
322 3026 402 3065 annos,
415 3014 560 3055 naturalium
571 3027 612 3066 per
624 3017 681 3057 duos
692 3028 773 3067 annos,
786 3013 914 3066 theologiae
925 3024 966 3064 per
