2101 3187
438 71 530 112 Magistri
544 71 646 111 generales‘
972 75 998 116 11

147 196 228 247 Etiam
246 209 327 247 contra
348 207 521 253 monstruosum
541 204 608 245 illum
629 181 753 246 Andr-eam
768 207 908 249 Zainometic
929 209 994 262 o.P.,

92 279 240 322 (iiainensem
252 279 451 331 archiepiscopum
464 278 559 339 dictum,
573 278 679 331 qui1482
691 279 797 322 Basileae
808 280 933 323 concilium
945 293 997 335 pro-

91 354 209 407 clamavit,
226 353 361 406 praedicare
377 352 460 394 fecitss.

146 428 244 477 Romam¹
257 439 362 470 reversus
378 426 416 467 vix
431 426 567 468 relationem
583 428 661 480 Papae
678 429 733 469 dare
749 427 831 480 valuit,
848 441 900 471 cum
916 429 953 471 die
969 430 996 472 15

92 502 227 554 septembris
243 502 316 543 obieri
329 503 354 542 1².
667 496 668 499 ’
971 503 972 506 ’

146 588 204 630 Eius
215 599 334 629 successor
344 588 374 628 ad
385 586 567 640 propositionem
578 586 707 629 cardinalis
717 588 859 639 protectoris
869 601 930 631 anno
941 590 997 632 1484

91 662 178 704 electus
195 663 238 713 661,
256 673 337 713 nempe
354 661 548 702 Bartholomaeus
565 660 673 703 Comanio
690 660 792 704 vicarius
810 663 996 715 congregationis

91 735 252 778 lombardicae.
268 735 346 777 Timor
359 735 560 787 Oonventualium,
575 735 615 787 qui
628 735 727 777 maxime
740 735 765 776 in
779 736 852 778 Italia
865 738 894 778 ab
908 738 996 789 opinio-

90 822 119 850 ne
139 810 241 851 virorum
262 809 388 851 cultiorum
408 810 432 850 et
453 808 606 850 Humanismo
627 808 775 851 addictorum
796 809 944 864 iuvabantur‚
968 812 996 852 de

91 884 171 926 ordine
188 883 296 925 totaliter
313 882 475 924 reformationi
493 883 606 925 tradendo
625 885 667 925 sub
686 883 798 936 magistro
817 885 996 927 Bartholomaeo

90 970 137 999 non
151 958 328 1010 veraficabatur,
343 969 395 999 cum
409 959 483 998 1116116
497 959 637 1016 praeventus
650 957 705 999 1485
719 957 769 1010 ipse
783 957 818 999 1111
832 959 908 1000 maius
921 970 996 1001 susce-

90 1033 178 1085 penna
195 1031 344 1073 Immittione
358 1030 485 1072 cardinalis
499 1031 639 1082 protectoris
653 1030 784 1084 capitulum
799 1033 904 1085 generale
919 1032 995 1085 proxi-

91 1118 153 1147 mum
168 1117 229 1147 anno
245 1106 299 1148 1486
315 1104 413 1147 Parisiis
430 1104 544 1145 indictum
560 1105 673 1147 Venetias
687 1105 832 1155 translatum
848 1109 871 1147 et
888 1106 996 1160 dignissi-

90 1195 142 1226 mus
156 1184 254 1226 Iacobus
268 1184 340 1226 Fabri
355 1185 383 1226 de
398 1184 501 1227 Stubach
515 1196 527 1225 6
542 1187 656 1226 conventu
671 1185 799 1228 Viennensi
814 1185 915 1228 vicarius
930 1198 996 1239 gene-

90 1257 147 1298 ralis
163 1257 289 1300 institutus
304 1259 366 1300 66114.
384 1259 479 1299 Electus
495 1258 585 1300 ordinis
609 1258 720 1312 magister
746 1260 869 1301 Barnabas
895 1259 995 1302 Sansoni

93 1331 208 1385 18666616)
223 1332 393 1384 Neapolitanus
406 1334 460 1384 post
482 1343 582 1373 mensem
604 1333 710 1374 Venetiis
733 1332 780 1374 iam
802 1333 862 1375 16116
883 1334 996 1386 abreptus

90 1406 154 1459 est²⁵‚
173 1406 279 1447 Venetiis
296 1417 356 1447 anno
374 1406 429 1447 1481
446 1405 471 1446 111
489 1417 596 1458 supremo
614 1405 725 1458 gubernio
744 1406 833 1448 ordinis
851 1407 873 1448 ei
891 1407 995 1449 Ioachim

91 1485 198 1526 Porriani
216 1486 320 1544 (†1500)
337 1469 445 1528 suffecto.
463 1486 508 1535 Qui
523 1486 724 1538 septuagenarius,
741 1485 853 1528 scientiae
868 1488 892 1527 et
907 1485 995 1527 litteris

90 1559 175 1612 clarus,
192 1560 375 1603 Observantibus
391 1559 563 1613 6611661161116,
580 1559 615 1601 bis
630 1559 827 1611 provincialatum
843 1560 995 1602 Lombardiae

90 1633 215 1685 inferioris,
226 1636 336 1685 gesserat.
355 1618 462 1675 Peractis
478 1633 563 1676 Italiae
580 1633 700 1686 regionum
718 1633 893 1682 visitationibus
910 1634 941 1676 ad
958 1637 995 1676 ca-

89 1706 191 1758 pitulum
205 1707 311 1760 generale
326 1707 470 1749 Cenomanos
483 1706 610 1763 contendit.
628 1707 687 1749 Eius
701 1707 849 1760 generalatus
864 1719 892 1750 61
906 1707 994 1750 vicissi-

89 1765 211 1823 tudinibus
228 1793 280 1822 cum
298 1781 440 1833 Hieronymo
459 1769 602 1823 savonarola
620 1780 735 1833 huiusque
753 1781 931 1834 congregatione
950 1782 995 1822 ’111-

89 1855 150 1896 66166
164 1855 252 1896 habitis
266 1842 439 1896 memorandum
454 1854 574 1903 exsistitw.

143 1940 319 1982 Vehementiore
337 1940 432 1993 spiritu,
453 1952 519 1993 quem
537 1940 562 1980 in
582 1952 606 1982 se
626 1941 727 1993 gerebat,
748 1940 866 1999 magister,
878 1943 993 2001 generalis

88 2014 225 2058 Vincentius
243 2015 352 2057 Bandelli
372 2015 504 2067 (15⁰1,f⁰5)¹⁷
523 2014 627 2056 ordinem
644 2009 764 2056 animabat
782 2017 805 2056 et
822 2016 901 2057 studia
920 2017 994 2058 bonae

89 2087 225 2141 disciplinae
237 2091 260 2130 et
271 2088 334 2130 vitae
344 2100 432 2129 necnon
444 2090 468 2130 et
479 2087 629 2130 scientiarum
640 2088 707 2130 valde
718 2089 841 2140 promovit.
855 2089 993 2132 Oaietanum

49 2211 51 2214 y
88 2160 221 2212 religiosum
241 2162 400 2218 doctissimum
419 2164 443 2203 et
461 2163 580 2203 austerum
598 2163 773 2213 procuratorem
792 2164 922 2215 generalem
941 2176 994 2206 con-

88 2232 175 2276 stituit.
192 2237 272 2278 Vitam
287 2236 404 2289 privatam
419 2235 572 2288 impugnavit
590 2237 706 2277 Extcnsas
721 2235 871 2279 visitationes
885 2249 926 2289 per
941 2250 995 2290 pro-

88 2307 176 2348 vincias
187 2310 280 2363 Italiae,
291 2310 383 2353 Galliae
393 2298 416 2352 et
426 2308 555 2361 Hispaniae
566 2308 694 2352 instituens
704 2310 876 2353 observantiam
887 2315 911 2353 et
921 2312 995 2354 scien-

88 2374 145 2427 tiam
156 2386 230 2439 auxit,
243 2390 381 2440 praesertim
392 2389 512 2441 Hispanos
522 2389 552 2430 ad
564 2400 673 2440 magnum
685 2387 864 2429 aemulationem
877 2385 995 2428 doctrina-

87 2461 132 2501 lem
144 2454 310 2512 impellendost.
325 2465 373 2506 Sub
386 2476 412 2505 66
426 2463 539 2505 editiones
552 2461 748 2504 constitutionum
761 2461 888 2502 Mediolani
901 2461 956 2502 1505
969 2462 992 2501 61

87 2536 142 2577 1506
155 2533 219 2586 typis
231 2533 358 2585 impressae
372 2538 455 2579 61111111.

142 2619 210 2661 Alius
223 2630 251 2660 ex
265 2622 444 2674 congregatione
459 2622 637 2665 Observantium
652 2624 675 2663 et
691 2621 782 2674 quidem
797 2621 935 2663 hollandica·
945 2621 995 2663 fra-

88 2696 124 2736 ter
138 2693 265 2737 6111161501
279 2693 390 2744 magister
404 2696 520 2748 generalis
534 2695 671 2748 designatus
685 2697 720 2736 est
735 2696 835 2737 Ioannes
850 2695 935 2748 (116166,
953 2694 992 2747 qni

86 2776 157 2816 antea
174 2773 309 2815 conventum
326 2773 482 2816 Parisiensem
499 2776 674 2827 reformaverat,
694 2776 756 2816 certe
774 2786 831 2827 opus
850 2774 912 2815 haud
929 2784 991 2825 sper-

87 2848 195 2899 nendum,
211 2849 234 2889 et
248 2844 362 2887 Imdovico
377 2846 422 2887 XII
436 2859 451 2888 a
465 2841 651 2890 confessionibus
664 2849 751 2890 fuerat.
769 2847 840 2890 Ouius
856 2847 918 2900 regis
931 2848 990 2887 nutu

88 2922 175 2975 Papiae
191 2922 215 2961 in
232 2919 391 2973 magisterium
408 2920 508 2961 Ioannes
526 2922 605 2963 Oleree
624 2922 711 2964 electus
728 2924 771 2963 est.
791 2923 826 2962 Ex
843 2921 924 2973 paucis
941 2919 990 2960 eius
1034 2928 1040 2937 '

87 2995 274 3037 ordinationibus
290 2992 401 3046 (praefuit
416 2992 493 3033 ordini
507 3005 549 3045 per
563 2995 621 3036 duos
635 2996 732 3047 menses)
747 2995 790 3036 illa
805 2996 833 3036 de
847 3006 893 3035 non
907 2991 992 3034 admit-
