2188 3178
75 106 116 147 120
188 81 189 85 Ἰ
310 121 312 125 ·
401 107 447 142 Vita
464 108 484 141 et
502 108 554 142 actio
571 109 647 143 ordinis

73 233 167 275 Sixturn
188 233 320 285 pontificem
342 236 365 275 et
386 236 511 285 martyrem
532 223 702 288 occuparetur³¹
719 238 760 279 'De
780 237 885 278 instante
906 250 974 281 cano-

71 306 189 350 nizatione
211 309 234 350 S.
257 307 374 349 Dominici
395 309 545 360 Raymundus
567 310 594 350 de
616 312 744 352 Pennafort
765 301 903 363 magistrum
925 314 974 354 111-

72 383 159 423 danum
175 381 317 434 Argentinae
334 384 391 423 tunc
406 384 585 423 commorantem
601 384 724 425 certiorem
738 384 848 436 reddidit,
867 385 906 436 qui
922 398 974 428 cum

74 456 115 498 illo
133 457 246 496 conventu
264 455 434 497 solemnitatem
454 470 464 496 1
475 468 526 497 cum
544 456 629 508 gaudio
640 471 651 498 a
670 459 744 500 tenir.

45 518 47 521 ¹
130 531 177 572 Sub
192 530 219 571 B.
235 531 323 571 Ioanne
337 530 478 572 Vercellensi
492 530 604 583 magistro
619 532 708 574 ordinis
723 533 864 585 capitulares
879 533 976 574 Montis-

73 605 192 656 pessulani
210 605 264 646 1265
283 604 417 657 congregati
436 607 549 656 rogarunt
569 605 681 656 «priores
699 609 723 647 et
741 608 828 648 fratres
847 605 974 658 universos,

74 679 203 730 quodcum
221 679 252 720 ad
269 678 378 720 honorem
396 678 458 720 beati
476 678 592 719 Dominici
609 679 685 730 patris
703 680 778 722 nostri
797 681 839 722 fiat
856 681 976 722 Bononiae

74 753 194 793 structura
211 752 328 804 solemnis,
347 752 367 793 si
384 752 477 804 aliquod
494 751 622 793 subsidium
640 753 757 805 impertiri
773 753 897 806 voluerint,
916 754 975 795 illud

73 826 147 878 priori
162 824 304 867 Benoniensi
319 827 484 868 transmittant
499 838 527 867 ne
542 828 638 878 propter
654 827 768 868 defectum
784 839 936 879 expensarum
953 839 976 867 o-

74 911 117 951 pus
134 903 252 941 remaneat
268 900 432 953 incompletum
444 902 472 940 »⁵.

130 977 239 1029 Sculptor
255 978 358 1019 famosus
374 977 484 1019 Nicolaus
499 978 599 1020 Pisanus
615 978 709 1032 eiusque
725 981 871 1023 coadiutores
888 993 973 1034 arcam,

73 1062 131 1102 quae
147 1051 257 1103 reliquias
273 1053 296 1093 S.
313 1051 429 1092 Dominici
445 1051 537 1103 dignius
553 1053 668 1104 conderet,
686 1056 802 1105 usquead
818 1067 905 1095 annum
920 1056 975 1097 1266

73 1125 226 1177 perfecerant.
246 1126 471 1177 1111111111261
488 1126 607 1167 occasione
624 1127 771 1168 comitiorum
789 1129 878 1170 ordinis
896 1141 975 1170 conre-

73 1198 193 1260 nientibus
214 1199 337 1251 plusquam
360 1201 399 1240 566
422 1199 537 1240 fratribus
559 1201 765 1253 praesentibusque
789 1202 931 1254 dignissimis
955 1214 976 1242 e-

73 1268 176 1325 piscopis
192 1285 219 1313 ex
236 1272 324 1325 ordine,
342 1273 448 1314 Bononia
465 1276 516 1314 tota
533 1274 664 1326 plaudente,
683 1274 871 1328 archiepiscopus
888 1277 976 1317 Raven-

74 1358 116 1388 nas
132 1358 214 1388 noram
230 1347 381 1388 elevationem
397 1347 548 1399 reliquiarum
564 1359 683 1389 sacrarum
700 1349 816 1389 Dominici
833 1350 930 1402 peregit,
946 1352 973 1391 B.

20 1448 22 1451 -
74 1421 252 1462 Bartholomaeo
271 1421 298 1462 de
317 1420 444 1472 Bregantia
463 1433 589 1478 sermonem
607 1422 724 1463 facientess.
746 1423 916 1474 Ampliationes
936 1436 975 1465 no-

73 1507 114 1552 vae
126 1495 188 1536 circa
199 1506 277 1535 arcam
289 1495 424 1536 1111111411
436 1498 459 1536 11
471 1496 525 1536 1169
537 1496 662 1536 institutae
674 1498 804 1537 notantur⁷.
820 1496 928 1537 Officium
942 1509 976 1538 ec-

73 1569 229 1610 clesiasticum
249 1570 271 1610 S.
292 1568 409 1610 Dominici
426 1568 503 1610 varias
521 1569 673 1610 formationes
691 1569 770 1611 subiit.
791 1569 884 1610 Etenim
902 1572 932 1611 ad
951 1570 976 1612 id

73 1654 119 1684 non
134 1643 208 1683 solum
224 1643 330 1684 Iulianus
346 1644 373 1683 de
389 1642 458 1694 Spira
473 1643 562 1685 QRM.
579 1643 715 1685 notissimus
730 1643 832 1684 musicae
846 1644 937 1694 peritus
953 1647 976 1685 et

73 1720 142 1769 poeta
156 1716 287 1769 liturgicus,
303 1716 466 1757 verumetiam
481 1719 560 1768 postea
577 1716 745 1758 Constantinus
761 1718 921 1758 Urberetanus
936 1729 976 1757 no-

73 1793 122 1832 ster
137 1790 255 1843 ingenium
271 1790 438 1842 applicamur.
456 1792 517 1834 Laus
534 1790 615 1831 deinde
632 1790 748 1832 Dominici
764 1791 789 1830 in
806 1791 913 1842 precibus
929 1790 975 1841 pri-

74 1865 135 1907 vatis
149 1866 250 1906 fratrum
265 1866 289 1905 et
304 1876 408 1905 sororum
423 1876 464 1916 per
478 1867 584 1916 tempora
598 1866 713 1906 sonabas.
730 1866 807 1916 Atque
822 1863 936 1916 imagines
951 1863 976 1904 in

75 1939 185 1993 ecclesiis,
208 1938 359 1980 conventibus
381 1940 404 1978 et
424 1938 572 1979 monasteriis
593 1940 686 1979 beatum
708 1941 798 1989 patrem
820 1937 910 1978 ordinis
931 1949 971 1988 pa·

73 2016 162 2055 rentem
177 2025 244 2065 saepe
259 2012 342 2054 addita
357 2012 457 2052 filiorum
472 2012 618 2064 filiarumque
633 2024 718 2052 corona
733 2013 946 2063 repraesentarunt.

126 2087 205 2129 'Citius
222 2086 406 2128 canonizationis
423 2097 459 2127 res
477 2098 518 2138 pro
536 2088 606 2127 Petro
623 2085 751 2127 Veronensi
768 2084 907 2136 inquisitore
924 2097 976 2137 pro-

73 2162 150 2203 cessit.
166 2161 212 2210 Qui
225 2173 277 2202 cum
290 2161 355 2201 inter·
367 2161 463 2202 Comum
477 2162 500 2201 et
514 2160 671 2201 Mediolanum
685 2159 730 2199 iret
745 2158 782 2199 die
797 2159 809 2198 6
824 2158 906 2210 aprilis
921 2160 976 2201 1252

74 2247 115 2289 per
130 2235 238 2276 sicarium
253 2234 345 2275 nomine
361 2234 479 2286 Carinum,
495 2236 576 2286 postea
592 2233 718 2274 sanctitate
734 2232 858 2284 pollentem
874 2232 899 2272 in
915 2232 976 2273 ordi-

74 2321 102 2350 ne
116 2309 258 2362 defunctum,
274 2308 421 2360 percussione
436 2308 487 2349 dira
501 2307 586 2360 capitis
601 2307 662 2348 ictus
677 2305 736 2347 obiit
750 2307 773 2346 11
787 2305 891 2347 instante
906 2307 976 2347 Inno-

73 2383 149 2424 centio
162 2384 203 2435 IV,
217 2386 244 2425 ut
255 2382 434 2435 inquisitoribus
446 2381 574 2433 exemplum
587 2391 696 2432 magnum
708 2382 883 2432 proponeretur,
899 2380 935 2420 die
948 2381 975 2422 25

74 2457 154 2498 martii
165 2458 218 2499 1253
231 2457 319 2498 litteris
329 2456 456 2509 pontificiis
468 2455 579 2497 Perusiae
591 2452 653 2495 datis
666 2452 817 2496 canonizatus
828 2453 903 2494 fuit10.
917 2454 976 2495 Eius

73 2532 151 2573 cultus
165 2543 206 2583 per
218 2531 351 2572 universum
365 2531 441 2571 orbem
456 2528 637 2570 dominicianum
651 2526 708 2568 mire
722 2526 907 2578 diffundebatur,
923 2527 976 2567 fun-

74 2605 208 2647 dationibus
225 2606 245 2645 11
263 2605 354 2658 dicatis,
373 2604 471 2656 picturis
489 2599 875 2644 1111111111111111111111111111111.
896 2600 976 2651 Sepul-

73 2680 154 2721 chrum
165 2679 213 2719 eius
225 2677 490 2731 ((111111111111111111
501 2675 576 2718 simile
586 2686 627 2727 per
637 2674 714 2716 omnia
725 2676 846 2728 sepulchro
857 2674 920 2716 beati
931 2674 976 2714 Do-

73 2753 154 2794 minici
164 2753 240 2804 patris
249 2750 454 2793 nostri»12'rrat1·es
465 2750 648 2796 Mediolanenses
658 2760 718 2790 anno
729 2750 783 2791 1335
795 2750 920 2800 coeperunt
931 2746 976 2787 ool-

73 2828 162 2870 latione
179 2827 284 2867 fraterna
300 2825 469 2878 stipendiorum
487 2825 648 2864 extraneorum
664 2823 727 2865 freti.
747 2824 814 2873 Quod
831 2833 890 2873 opus
906 2831 976 2862 manu

73 2905 144 2956 atque
156 2902 207 2942 arte
220 2900 315 2941 Ioannis
328 2899 440 2940 Balducci
452 2897 553 2938 feliciter
565 2897 696 2938 absolutum
709 2909 751 2949 pro
764 2908 826 2937 amm
839 2896 893 2936 1310
907 2894 976 2936 exsti-

73 2977 112 3030 tit,
126 2977 209 3028 inquo
223 2973 388 3015 celebrationes
402 2971 498 3013 eximiae
512 2971 718 3013 Mediolanensium
733 2972 756 3012 S.
772 2971 868 3010 Petrum
882 2967 976 3021 eiusque

73 3050 184 3104 reliquias
199 3047 407 3089 honestaverunt¹³.
