<?xml version="1.0" encoding="UTF-8"?>
<!DOCTYPE html PUBLIC "-//W3C//DTD XHTML 1.0 Transitional//EN"
    "http://www.w3.org/TR/xhtml1/DTD/xhtml1-transitional.dtd">
<html xmlns="http://www.w3.org/1999/xhtml" xml:lang="en" lang="en">
 <head>
  <title>
</title>
<meta http-equiv="Content-Type" content="text/html;charset=utf-8" />
  <meta name='ocr-system' content='tesseract 3.04.00' />
  <meta name='ocr-capabilities' content='ocr_page ocr_carea ocr_par ocr_line ocrx_word'/>
</head>
<body>
  <div class='ocr_page' id='page_1' title='image "MN5081ucmf_3_0119.png"; bbox 0 0 2188 3178; ppageno 0'>
   <div class='ocr_carea' id='block_1_1' title="bbox 422 101 636 136">
    <p class='ocr_par' dir='ltr' id='par_1_1' title="bbox 422 101 636 136">
     <span class='ocr_line' id='line_1_1' title="bbox 422 101 636 136; baseline 0.005 -2"><span class='ocrx_word' id='word_1_1' title='bbox 422 101 544 136; x_wconf 82' lang='lat' dir='ltr'>Gonstltutlo</span> <span class='ocrx_word' id='word_1_2' title='bbox 561 102 636 136; x_wconf 76' lang='lat' dir='ltr'>ordinis</span> 
     </span>
    </p>
   </div>
   <div class='ocr_carea' id='block_1_2' title="bbox 50 227 983 1246">
    <p class='ocr_par' dir='ltr' id='par_1_2' title="bbox 77 227 983 584">
     <span class='ocr_line' id='line_1_2' title="bbox 134 227 983 281; baseline -0.002 -9"><span class='ocrx_word' id='word_1_3' title='bbox 134 230 230 272; x_wconf 75' lang='lat' dir='ltr'>Praeter</span> <span class='ocrx_word' id='word_1_4' title='bbox 248 231 369 281; x_wconf 88' lang='lat' dir='ltr'>quaestum</span> <span class='ocrx_word' id='word_1_5' title='bbox 386 230 409 270; x_wconf 92' lang='lat' dir='ltr'>et</span> <span class='ocrx_word' id='word_1_6' title='bbox 426 227 583 279; x_wconf 75' lang='lat' dir='ltr'>eleemosynas</span> <span class='ocrx_word' id='word_1_7' title='bbox 602 228 734 270; x_wconf 87' lang='lat' dir='ltr'>ordinarias</span> <span class='ocrx_word' id='word_1_8' title='bbox 750 227 886 279; x_wconf 88' lang='lat' dir='ltr'>conspicuas</span> <span class='ocrx_word' id='word_1_9' title='bbox 904 229 983 270; x_wconf 82' lang='lat' dir='ltr'>iactae</span> 
     </span>
     <span class='ocr_line' id='line_1_3' title="bbox 78 300 982 355; baseline -0.002 -10"><span class='ocrx_word' id='word_1_10' title='bbox 78 304 210 346; x_wconf 86' lang='lat' dir='ltr'>dotationes</span> <span class='ocrx_word' id='word_1_11' title='bbox 227 315 267 355; x_wconf 90' lang='lat' dir='ltr'>per</span> <span class='ocrx_word' id='word_1_12' title='bbox 283 301 400 355; x_wconf 88' lang='lat' dir='ltr'>principes</span> <span class='ocrx_word' id='word_1_13' title='bbox 416 304 440 343; x_wconf 92' lang='lat' dir='ltr'>et</span> <span class='ocrx_word' id='word_1_14' title='bbox 458 302 617 344; x_wconf 74' lang='lat' dir='ltr'>benefactores</span> <span class='ocrx_word' id='word_1_15' title='bbox 632 303 735 355; x_wconf 80' lang='lat' dir='ltr'>insignes</span> <span class='ocrx_word' id='word_1_16' title='bbox 751 300 867 342; x_wconf 82' lang='lat' dir='ltr'>iratribus</span> <span class='ocrx_word' id='word_1_17' title='bbox 884 313 929 342; x_wconf 90' lang='lat' dir='ltr'>non</span> <span class='ocrx_word' id='word_1_18' title='bbox 948 313 982 343; x_wconf 92' lang='lat' dir='ltr'>so-</span> 
     </span>
     <span class='ocr_line' id='line_1_4' title="bbox 78 375 983 430; baseline -0.003 -10"><span class='ocrx_word' id='word_1_19' title='bbox 78 380 127 420; x_wconf 90' lang='lat' dir='ltr'>lum</span> <span class='ocrx_word' id='word_1_20' title='bbox 145 379 206 420; x_wconf 88' lang='lat' dir='ltr'>vitae</span> <span class='ocrx_word' id='word_1_21' title='bbox 224 376 355 418; x_wconf 90' lang='lat' dir='ltr'>necessaria</span> <span class='ocrx_word' id='word_1_22' title='bbox 373 388 451 418; x_wconf 91' lang='lat' dir='ltr'>verum</span> <span class='ocrx_word' id='word_1_23' title='bbox 469 375 539 417; x_wconf 88' lang='lat' dir='ltr'>etiam</span> <span class='ocrx_word' id='word_1_24' title='bbox 558 375 760 430; x_wconf 88' lang='lat' dir='ltr'>snpererogatoria</span> <span class='ocrx_word' id='word_1_25' title='bbox 777 375 918 416; x_wconf 87' lang='lat' dir='ltr'>tribuerunt.</span> <span class='ocrx_word' id='word_1_26' title='bbox 939 375 983 417; x_wconf 81' lang='lat' dir='ltr'>Ac-</span> 
     </span>
     <span class='ocr_line' id='line_1_5' title="bbox 77 448 982 495; baseline -0.006 0"><span class='ocrx_word' id='word_1_27' title='bbox 77 453 135 495; x_wconf 90' lang='lat' dir='ltr'>essit</span> <span class='ocrx_word' id='word_1_28' title='bbox 147 449 238 494; x_wconf 85' lang='lat' dir='ltr'>demum</span> <span class='ocrx_word' id='word_1_29' title='bbox 251 452 280 493; x_wconf 90' lang='lat' dir='ltr'>ad</span> <span class='ocrx_word' id='word_1_30' title='bbox 294 450 448 492; x_wconf 87' lang='lat' dir='ltr'>sustentanda</span> <span class='ocrx_word' id='word_1_31' title='bbox 462 461 531 490; x_wconf 89' lang='lat' dir='ltr'>onera</span> <span class='ocrx_word' id='word_1_32' title='bbox 544 451 720 493; x_wconf 72' lang='lat' dir='ltr'>communitatis</span> <span class='ocrx_word' id='word_1_33' title='bbox 733 452 826 491; x_wconf 80' lang='lat' dir='ltr'>fruetus</span> <span class='ocrx_word' id='word_1_34' title='bbox 839 461 866 489; x_wconf 89' lang='lat' dir='ltr'>ex</span> <span class='ocrx_word' id='word_1_35' title='bbox 879 448 982 490; x_wconf 89' lang='lat' dir='ltr'>ministe-</span> 
     </span>
     <span class='ocr_line' id='line_1_6' title="bbox 77 523 894 584; baseline -0.005 -16"><span class='ocrx_word' id='word_1_36' title='bbox 77 528 121 578; x_wconf 85' lang='lat' dir='ltr'>rio,</span> <span class='ocrx_word' id='word_1_37' title='bbox 134 538 161 567; x_wconf 87' lang='lat' dir='ltr'>ex</span> <span class='ocrx_word' id='word_1_38' title='bbox 172 524 339 567; x_wconf 89' lang='lat' dir='ltr'>anniversariis</span> <span class='ocrx_word' id='word_1_39' title='bbox 352 527 375 566; x_wconf 90' lang='lat' dir='ltr'>et</span> <span class='ocrx_word' id='word_1_40' title='bbox 387 523 513 577; x_wconf 79' lang='lat' dir='ltr'>sepulturis</span> <span class='ocrx_word' id='word_1_41' title='bbox 524 526 674 576; x_wconf 63' lang='lat' dir='ltr'>perceptusffl.</span> <span class='ocrx_word' id='word_1_42' title='bbox 893 578 894 584; x_wconf 17' lang='grc'>1</span> 
     </span>
    </p>

    <p class='ocr_par' dir='ltr' id='par_1_3' title="bbox 50 597 982 792">
     <span class='ocr_line' id='line_1_7' title="bbox 117 597 981 651; baseline -0.005 -8"><span class='ocrx_word' id='word_1_43' title='bbox 117 600 299 647; x_wconf 74' lang='grc'><strong>,0111111111111</strong></span> <span class='ocrx_word' id='word_1_44' title='bbox 320 600 382 642; x_wconf 86' lang='lat' dir='ltr'>ritae</span> <span class='ocrx_word' id='word_1_45' title='bbox 402 598 562 641; x_wconf 75' lang='lat' dir='ltr'>dominicanae</span> <span class='ocrx_word' id='word_1_46' title='bbox 583 600 660 642; x_wconf 90' lang='lat' dir='ltr'>cultus</span> <span class='ocrx_word' id='word_1_47' title='bbox 682 602 706 641; x_wconf 91' lang='lat' dir='ltr'>et</span> <span class='ocrx_word' id='word_1_48' title='bbox 727 598 844 651; x_wconf 73' lang='lat' dir='ltr'>severitas,</span> <span class='ocrx_word' id='word_1_49' title='bbox 868 597 981 639; x_wconf 78' lang='lat' dir='ltr'>sobrietas</span> 
     </span>
     <span class='ocr_line' id='line_1_8' title="bbox 76 670 982 727; baseline -0.007 -10"><span class='ocrx_word' id='word_1_50' title='bbox 76 679 101 717; x_wconf 93' lang='lat' dir='ltr'>et</span> <span class='ocrx_word' id='word_1_51' title='bbox 117 675 267 727; x_wconf 86' lang='lat' dir='ltr'>pulchritudo</span> <span class='ocrx_word' id='word_1_52' title='bbox 283 674 359 715; x_wconf 89' lang='lat' dir='ltr'>claros</span> <span class='ocrx_word' id='word_1_53' title='bbox 375 674 514 725; x_wconf 77' lang='lat' dir='ltr'>interpretes</span> <span class='ocrx_word' id='word_1_54' title='bbox 529 672 647 725; x_wconf 78' lang='lat' dir='ltr'>invenit³²,</span> <span class='ocrx_word' id='word_1_55' title='bbox 665 674 697 715; x_wconf 83' lang='lat' dir='ltr'>ad</span> <span class='ocrx_word' id='word_1_56' title='bbox 714 675 810 726; x_wconf 88' lang='lat' dir='ltr'>quorum</span> <span class='ocrx_word' id='word_1_57' title='bbox 827 670 982 723; x_wconf 80' lang='lat' dir='ltr'>expositiones</span> 
     </span>
     <span class='ocr_line' id='line_1_9' title="bbox 50 749 352 792; baseline -0.01 -1"><span class='ocrx_word' id='word_1_58' title='bbox 50 779 53 786; x_wconf 77' lang='lat'><strong>·</strong></span> <span class='ocrx_word' id='word_1_59' title='bbox 76 750 176 792; x_wconf 85' lang='lat' dir='ltr'>studiosi</span> <span class='ocrx_word' id='word_1_60' title='bbox 190 749 352 790; x_wconf 80' lang='lat' dir='ltr'>remittuntur</span> 
     </span>
    </p>

    <p class='ocr_par' dir='ltr' id='par_1_4' title="bbox 77 820 981 1025">
     <span class='ocr_line' id='line_1_10' title="bbox 134 820 981 874; baseline -0.006 -10"><span class='ocrx_word' id='word_1_61' title='bbox 134 825 194 865; x_wconf 79' lang='grc'><strong>11111</strong></span> <span class='ocrx_word' id='word_1_62' title='bbox 211 824 338 864; x_wconf 84' lang='lat' dir='ltr'>conventus</span> <span class='ocrx_word' id='word_1_63' title='bbox 354 821 493 874; x_wconf 79' lang='lat' dir='ltr'>regulariter</span> <span class='ocrx_word' id='word_1_64' title='bbox 508 821 573 862; x_wconf 87' lang='lat' dir='ltr'>intra</span> <span class='ocrx_word' id='word_1_65' title='bbox 590 820 748 873; x_wconf 76' lang='lat' dir='ltr'>compaginem</span> <span class='ocrx_word' id='word_1_66' title='bbox 765 821 912 863; x_wconf 89' lang='lat' dir='ltr'>definitarum</span> <span class='ocrx_word' id='word_1_67' title='bbox 928 830 981 870; x_wconf 89' lang='lat' dir='ltr'>pro-</span> 
     </span>
     <span class='ocr_line' id='line_1_11' title="bbox 77 892 981 948; baseline -0.006 -9"><span class='ocrx_word' id='word_1_68' title='bbox 77 898 207 939; x_wconf 79' lang='lat' dir='ltr'>vinciarum</span> <span class='ocrx_word' id='word_1_69' title='bbox 223 899 297 948; x_wconf 87' lang='lat' dir='ltr'>erant,</span> <span class='ocrx_word' id='word_1_70' title='bbox 315 897 341 937; x_wconf 92' lang='lat' dir='ltr'>in</span> <span class='ocrx_word' id='word_1_71' title='bbox 357 896 448 938; x_wconf 91' lang='lat' dir='ltr'>saeculo</span> <span class='ocrx_word' id='word_1_72' title='bbox 465 896 503 936; x_wconf 81' lang='lat' dir='ltr'>XV</span> <span class='ocrx_word' id='word_1_73' title='bbox 519 894 594 947; x_wconf 87' lang='lat' dir='ltr'>aliqui</span> <span class='ocrx_word' id='word_1_74' title='bbox 610 896 651 936; x_wconf 90' lang='lat' dir='ltr'>sub</span> <span class='ocrx_word' id='word_1_75' title='bbox 668 894 804 937; x_wconf 87' lang='lat' dir='ltr'>immediata</span> <span class='ocrx_word' id='word_1_76' title='bbox 820 892 981 935; x_wconf 90' lang='lat' dir='ltr'>iurisdictione</span> 
     </span>
     <span class='ocr_line' id='line_1_12' title="bbox 77 969 568 1025; baseline -0.008 -13"><span class='ocrx_word' id='word_1_77' title='bbox 77 972 182 1025; x_wconf 74' lang='lat' dir='ltr'>magistri</span> <span class='ocrx_word' id='word_1_78' title='bbox 204 970 319 1024; x_wconf 86' lang='lat' dir='ltr'>generalis</span> <span class='ocrx_word' id='word_1_79' title='bbox 338 969 568 1012; x_wconf 78' lang='lat' dir='ltr'>constituebantnr³³.</span> 
     </span>
    </p>

    <p class='ocr_par' dir='ltr' id='par_1_5' title="bbox 76 1046 981 1246">
     <span class='ocr_line' id='line_1_13' title="bbox 134 1046 981 1090; baseline -0.001 -2"><span class='ocrx_word' id='word_1_80' title='bbox 134 1048 195 1089; x_wconf 76' lang='lat' dir='ltr'>Ordo</span> <span class='ocrx_word' id='word_1_81' title='bbox 217 1048 318 1088; x_wconf 74' lang='lat' dir='ltr'>fratrum</span> <span class='ocrx_word' id='word_1_82' title='bbox 339 1046 529 1088; x_wconf 90' lang='lat' dir='ltr'>Praedicatorum</span> <span class='ocrx_word' id='word_1_83' title='bbox 550 1047 658 1090; x_wconf 89' lang='lat' dir='ltr'>membris</span> <span class='ocrx_word' id='word_1_84' title='bbox 679 1047 770 1089; x_wconf 84' lang='lat' dir='ltr'>clericis</span> <span class='ocrx_word' id='word_1_85' title='bbox 790 1047 907 1089; x_wconf 85' lang='lat' dir='ltr'>ordinarie</span> <span class='ocrx_word' id='word_1_86' title='bbox 928 1058 981 1087; x_wconf 88' lang='lat' dir='ltr'>con-</span> 
     </span>
     <span class='ocr_line' id='line_1_14' title="bbox 76 1120 981 1176; baseline -0.002 -13"><span class='ocrx_word' id='word_1_87' title='bbox 76 1123 163 1176; x_wconf 83' lang='lat' dir='ltr'>stabat,</span> <span class='ocrx_word' id='word_1_88' title='bbox 179 1122 219 1174; x_wconf 89' lang='lat' dir='ltr'>qui</span> <span class='ocrx_word' id='word_1_89' title='bbox 232 1121 348 1163; x_wconf 85' lang='lat' dir='ltr'>actionem</span> <span class='ocrx_word' id='word_1_90' title='bbox 363 1121 527 1162; x_wconf 89' lang='lat' dir='ltr'>sacerdotalem</span> <span class='ocrx_word' id='word_1_91' title='bbox 542 1120 696 1172; x_wconf 88' lang='lat' dir='ltr'>apostolicam</span> <span class='ocrx_word' id='word_1_92' title='bbox 711 1121 893 1173; x_wconf 87' lang='lat' dir='ltr'>praedicationis</span> <span class='ocrx_word' id='word_1_93' title='bbox 907 1122 930 1162; x_wconf 90' lang='lat' dir='ltr'>et</span> <span class='ocrx_word' id='word_1_94' title='bbox 946 1132 981 1161; x_wconf 90' lang='lat' dir='ltr'>sa-</span> 
     </span>
     <span class='ocr_line' id='line_1_15' title="bbox 76 1193 981 1246; baseline -0.002 -10"><span class='ocrx_word' id='word_1_95' title='bbox 76 1196 136 1238; x_wconf 86' lang='lat' dir='ltr'>lutis</span> <span class='ocrx_word' id='word_1_96' title='bbox 152 1196 282 1237; x_wconf 88' lang='lat' dir='ltr'>animarum</span> <span class='ocrx_word' id='word_1_97' title='bbox 299 1195 460 1246; x_wconf 86' lang='lat' dir='ltr'>procurandae</span> <span class='ocrx_word' id='word_1_98' title='bbox 478 1205 582 1236; x_wconf 85' lang='lat' dir='ltr'>exercere</span> <span class='ocrx_word' id='word_1_99' title='bbox 599 1196 701 1246; x_wconf 85' lang='lat' dir='ltr'>possent.</span> <span class='ocrx_word' id='word_1_100' title='bbox 721 1196 817 1236; x_wconf 85' lang='lat' dir='ltr'>Fratres</span> <span class='ocrx_word' id='word_1_101' title='bbox 834 1193 938 1236; x_wconf 88' lang='lat' dir='ltr'>conversi</span> <span class='ocrx_word' id='word_1_102' title='bbox 955 1194 981 1234; x_wconf 91' lang='lat' dir='ltr'>in</span> 
     </span>
    </p>
   </div>
   <div class='ocr_carea' id='block_1_3' title="bbox 75 1267 1038 1320">
    <p class='ocr_par' dir='ltr' id='par_1_6' title="bbox 75 1267 1038 1320">
     <span class='ocr_line' id='line_1_16' title="bbox 75 1267 1038 1320; baseline 0.001 -10"><span class='ocrx_word' id='word_1_103' title='bbox 75 1269 180 1311; x_wconf 87' lang='lat' dir='ltr'>ordinem</span> <span class='ocrx_word' id='word_1_104' title='bbox 198 1270 384 1320; x_wconf 66' lang='lat' dir='ltr'>assurnebantur,</span> <span class='ocrx_word' id='word_1_105' title='bbox 402 1270 429 1309; x_wconf 92' lang='lat' dir='ltr'>ut</span> <span class='ocrx_word' id='word_1_106' title='bbox 446 1292 475 1298; x_wconf 93' lang='lat'><em>-</em></span> <span class='ocrx_word' id='word_1_107' title='bbox 492 1267 629 1310; x_wconf 84' lang='lat' dir='ltr'>exsistentes</span> <span class='ocrx_word' id='word_1_108' title='bbox 646 1268 695 1309; x_wconf 90' lang='lat' dir='ltr'>veri</span> <span class='ocrx_word' id='word_1_109' title='bbox 713 1268 816 1320; x_wconf 81' lang='lat' dir='ltr'>religiosi</span> <span class='ocrx_word' id='word_1_110' title='bbox 834 1267 862 1298; x_wconf 73' lang='grc'>’-</span> <span class='ocrx_word' id='word_1_111' title='bbox 878 1279 980 1309; x_wconf 88' lang='lat' dir='ltr'>necessa·</span> <span class='ocrx_word' id='word_1_112' title='bbox 1037 1308 1038 1311; x_wconf 73' lang='grc'>,</span> 
     </span>
    </p>
   </div>
   <div class='ocr_carea' id='block_1_4' title="bbox 45 1329 1000 3107">
    <p class='ocr_par' dir='ltr' id='par_1_7' title="bbox 45 1329 1000 3107">
     <span class='ocr_line' id='line_1_17' title="bbox 76 1329 576 1394; baseline -0.002 -11"><span class='ocrx_word' id='word_1_113' title='bbox 76 1344 119 1385; x_wconf 85' lang='lat' dir='ltr'>riis</span> <span class='ocrx_word' id='word_1_114' title='bbox 134 1343 217 1385; x_wconf 86' lang='lat' dir='ltr'>oiiiciis</span> <span class='ocrx_word' id='word_1_115' title='bbox 232 1329 379 1384; x_wconf 87' lang='lat' dir='ltr'>manualibus</span> <span class='ocrx_word' id='word_1_116' title='bbox 393 1341 576 1394; x_wconf 85' lang='lat' dir='ltr'>applicarentur.</span> 
     </span>
     <span class='ocr_line' id='line_1_18' title="bbox 103 1416 980 1473; baseline 0.005 -16"><span class='ocrx_word' id='word_1_117' title='bbox 103 1419 260 1469; x_wconf 71' lang='lat' dir='ltr'>angmentum</span> <span class='ocrx_word' id='word_1_118' title='bbox 275 1416 365 1458; x_wconf 88' lang='lat' dir='ltr'>ordinis</span> <span class='ocrx_word' id='word_1_119' title='bbox 380 1428 407 1457; x_wconf 88' lang='lat' dir='ltr'>ex</span> <span class='ocrx_word' id='word_1_120' title='bbox 422 1416 583 1460; x_wconf 86' lang='lat' dir='ltr'>vocationibus</span> <span class='ocrx_word' id='word_1_121' title='bbox 599 1418 750 1473; x_wconf 73' lang='lat' dir='ltr'>dependebat,</span> <span class='ocrx_word' id='word_1_122' title='bbox 768 1421 852 1472; x_wconf 88' lang='lat' dir='ltr'>quibus</span> <span class='ocrx_word' id='word_1_123' title='bbox 868 1420 980 1472; x_wconf 89' lang='lat' dir='ltr'>multipli-</span> 
     </span>
     <span class='ocr_line' id='line_1_19' title="bbox 74 1490 980 1547; baseline 0.004 -15"><span class='ocrx_word' id='word_1_124' title='bbox 74 1503 114 1533; x_wconf 91' lang='lat' dir='ltr'>ces</span> <span class='ocrx_word' id='word_1_125' title='bbox 132 1490 181 1533; x_wconf 90' lang='lat' dir='ltr'>viae</span> <span class='ocrx_word' id='word_1_126' title='bbox 200 1491 361 1543; x_wconf 88' lang='lat' dir='ltr'>providentiae</span> <span class='ocrx_word' id='word_1_127' title='bbox 380 1490 472 1532; x_wconf 88' lang='lat' dir='ltr'>divinae</span> <span class='ocrx_word' id='word_1_128' title='bbox 490 1491 680 1533; x_wconf 85' lang='lat' dir='ltr'>illustrabantur.</span> <span class='ocrx_word' id='word_1_129' title='bbox 702 1493 793 1535; x_wconf 90' lang='lat' dir='ltr'>Monitu</span> <span class='ocrx_word' id='word_1_130' title='bbox 813 1494 924 1547; x_wconf 88' lang='lat' dir='ltr'>interiore</span> <span class='ocrx_word' id='word_1_131' title='bbox 944 1495 980 1536; x_wconf 92' lang='lat' dir='ltr'>vel</span> 
     </span>
     <span class='ocr_line' id='line_1_20' title="bbox 75 1564 980 1621; baseline 0.002 -15"><span class='ocrx_word' id='word_1_132' title='bbox 75 1565 218 1607; x_wconf 87' lang='lat' dir='ltr'>attractione</span> <span class='ocrx_word' id='word_1_133' title='bbox 232 1565 331 1616; x_wconf 86' lang='lat' dir='ltr'>exempli</span> <span class='ocrx_word' id='word_1_134' title='bbox 344 1565 379 1606; x_wconf 90' lang='lat' dir='ltr'>vel</span> <span class='ocrx_word' id='word_1_135' title='bbox 394 1564 489 1606; x_wconf 87' lang='lat' dir='ltr'>hortatu</span> <span class='ocrx_word' id='word_1_136' title='bbox 503 1565 606 1606; x_wconf 88' lang='lat' dir='ltr'>virorum</span> <span class='ocrx_word' id='word_1_137' title='bbox 620 1567 647 1607; x_wconf 87' lang='lat' dir='ltr'>de</span> <span class='ocrx_word' id='word_1_138' title='bbox 661 1567 697 1608; x_wconf 89' lang='lat' dir='ltr'>vel</span> <span class='ocrx_word' id='word_1_139' title='bbox 712 1579 739 1609; x_wconf 86' lang='lat' dir='ltr'>ex</span> <span class='ocrx_word' id='word_1_140' title='bbox 753 1568 810 1619; x_wconf 86' lang='lat' dir='ltr'>iuga</span> <span class='ocrx_word' id='word_1_141' title='bbox 824 1566 980 1621; x_wconf 84' lang='lat' dir='ltr'>periculorum</span> 
     </span>
     <span class='ocr_line' id='line_1_21' title="bbox 75 1638 980 1697; baseline 0.004 -18"><span class='ocrx_word' id='word_1_142' title='bbox 75 1639 157 1680; x_wconf 88' lang='lat' dir='ltr'>mundi</span> <span class='ocrx_word' id='word_1_143' title='bbox 168 1640 262 1680; x_wconf 86' lang='lat' dir='ltr'>invenes</span> <span class='ocrx_word' id='word_1_144' title='bbox 275 1640 318 1679; x_wconf 91' lang='lat' dir='ltr'>aut</span> <span class='ocrx_word' id='word_1_145' title='bbox 331 1638 376 1680; x_wconf 90' lang='lat' dir='ltr'>viri</span> <span class='ocrx_word' id='word_1_146' title='bbox 389 1638 466 1680; x_wconf 90' lang='lat' dir='ltr'>ordini</span> <span class='ocrx_word' id='word_1_147' title='bbox 480 1640 672 1681; x_wconf 90' lang='lat' dir='ltr'>Praedicatorum</span> <span class='ocrx_word' id='word_1_148' title='bbox 684 1652 767 1682; x_wconf 89' lang='lat' dir='ltr'>nomen</span> <span class='ocrx_word' id='word_1_149' title='bbox 781 1641 920 1697; x_wconf 60' lang='lat' dir='ltr'>dederunrj‘.</span> <span class='ocrx_word' id='word_1_150' title='bbox 937 1643 980 1683; x_wconf 86' lang='lat' dir='ltr'>Re-</span> 
     </span>
     <span class='ocr_line' id='line_1_22' title="bbox 73 1711 979 1765; baseline 0.002 -11"><span class='ocrx_word' id='word_1_151' title='bbox 73 1713 204 1765; x_wconf 89' lang='lat' dir='ltr'>ceptionem</span> <span class='ocrx_word' id='word_1_152' title='bbox 215 1715 292 1754; x_wconf 89' lang='lat' dir='ltr'>antem</span> <span class='ocrx_word' id='word_1_153' title='bbox 303 1714 334 1754; x_wconf 89' lang='lat' dir='ltr'>ad</span> <span class='ocrx_word' id='word_1_154' title='bbox 346 1711 448 1754; x_wconf 87' lang='lat' dir='ltr'>ordinem</span> <span class='ocrx_word' id='word_1_155' title='bbox 461 1712 559 1765; x_wconf 83' lang='lat' dir='ltr'>speciale</span> <span class='ocrx_word' id='word_1_156' title='bbox 571 1725 665 1755; x_wconf 85' lang='lat' dir='ltr'>examen</span> <span class='ocrx_word' id='word_1_157' title='bbox 677 1715 836 1756; x_wconf 84' lang='lat' dir='ltr'>antecedebat.</span> <span class='ocrx_word' id='word_1_158' title='bbox 850 1716 914 1764; x_wconf 73' lang='lat' dir='ltr'>Quod</span> <span class='ocrx_word' id='word_1_159' title='bbox 927 1727 979 1756; x_wconf 91' lang='lat' dir='ltr'>exa-</span> 
     </span>
     <span class='ocr_line' id='line_1_23' title="bbox 75 1785 979 1839; baseline 0.002 -12"><span class='ocrx_word' id='word_1_160' title='bbox 75 1799 127 1828; x_wconf 90' lang='lat' dir='ltr'>men</span> <span class='ocrx_word' id='word_1_161' title='bbox 141 1786 207 1828; x_wconf 90' lang='lat' dir='ltr'>iuxta</span> <span class='ocrx_word' id='word_1_162' title='bbox 221 1785 400 1828; x_wconf 87' lang='lat' dir='ltr'>constitutiones</span> <span class='ocrx_word' id='word_1_163' title='bbox 414 1786 471 1827; x_wconf 89' lang='lat' dir='ltr'>anni</span> <span class='ocrx_word' id='word_1_164' title='bbox 485 1788 538 1828; x_wconf 79' lang='lat'>1228</span> <span class='ocrx_word' id='word_1_165' title='bbox 552 1799 594 1839; x_wconf 88' lang='lat' dir='ltr'>per</span> <span class='ocrx_word' id='word_1_166' title='bbox 608 1789 656 1830; x_wconf 85' lang='lat' dir='ltr'>tres</span> <span class='ocrx_word' id='word_1_167' title='bbox 668 1789 756 1829; x_wconf 83' lang='lat' dir='ltr'>iratres</span> <span class='ocrx_word' id='word_1_168' title='bbox 769 1788 866 1830; x_wconf 83' lang='lat' dir='ltr'>idoneos</span> <span class='ocrx_word' id='word_1_169' title='bbox 879 1790 905 1829; x_wconf 91' lang='lat' dir='ltr'>de</span> <span class='ocrx_word' id='word_1_170' title='bbox 919 1800 979 1829; x_wconf 92' lang='lat' dir='ltr'>com-</span> 
     </span>
     <span class='ocr_line' id='line_1_24' title="bbox 74 1860 1000 1912; baseline 0.006 -12"><span class='ocrx_word' id='word_1_171' title='bbox 74 1860 138 1901; x_wconf 88' lang='lat' dir='ltr'>muni</span> <span class='ocrx_word' id='word_1_172' title='bbox 152 1860 250 1902; x_wconf 86' lang='lat' dir='ltr'>consilio</span> <span class='ocrx_word' id='word_1_173' title='bbox 263 1860 362 1912; x_wconf 91' lang='lat' dir='ltr'>capituli</span> <span class='ocrx_word' id='word_1_174' title='bbox 376 1860 506 1902; x_wconf 88' lang='lat' dir='ltr'>destinatos</span> <span class='ocrx_word' id='word_1_175' title='bbox 517 1860 689 1903; x_wconf 89' lang='lat' dir='ltr'>instituendum</span> <span class='ocrx_word' id='word_1_176' title='bbox 704 1864 761 1903; x_wconf 84' lang='lat' dir='ltr'>erat.</span> <span class='ocrx_word' id='word_1_177' title='bbox 775 1862 861 1903; x_wconf 85' lang='lat' dir='ltr'>Relata</span> <span class='ocrx_word' id='word_1_178' title='bbox 874 1863 901 1903; x_wconf 91' lang='lat' dir='ltr'>de</span> <span class='ocrx_word' id='word_1_179' title='bbox 914 1861 980 1903; x_wconf 89' lang='lat' dir='ltr'>exitu</span> <span class='ocrx_word' id='word_1_180' title='bbox 999 1903 1000 1906; x_wconf 75' lang='grc'>,</span> 
     </span>
     <span class='ocr_line' id='line_1_25' title="bbox 74 1933 979 1988; baseline 0.002 -13"><span class='ocrx_word' id='word_1_181' title='bbox 74 1935 143 1976; x_wconf 89' lang='lat' dir='ltr'>huius</span> <span class='ocrx_word' id='word_1_182' title='bbox 162 1933 276 1976; x_wconf 82' lang='lat' dir='ltr'>examinis</span> <span class='ocrx_word' id='word_1_183' title='bbox 294 1935 355 1975; x_wconf 88' lang='lat' dir='ltr'>iacti</span> <span class='ocrx_word' id='word_1_184' title='bbox 373 1934 435 1975; x_wconf 91' lang='lat' dir='ltr'>circa</span> <span class='ocrx_word' id='word_1_185' title='bbox 455 1934 611 1985; x_wconf 88' lang='lat' dir='ltr'>particulares</span> <span class='ocrx_word' id='word_1_186' title='bbox 630 1935 775 1988; x_wconf 86' lang='lat' dir='ltr'>quaestiones</span> <span class='ocrx_word' id='word_1_187' title='bbox 796 1935 878 1977; x_wconf 85' lang='lat' dir='ltr'>deinde</span> <span class='ocrx_word' id='word_1_188' title='bbox 897 1936 922 1975; x_wconf 90' lang='lat' dir='ltr'>in</span> <span class='ocrx_word' id='word_1_189' title='bbox 942 1947 979 1977; x_wconf 91' lang='lat' dir='ltr'>ca-</span> 
     </span>
     <span class='ocr_line' id='line_1_26' title="bbox 69 2008 979 2065; baseline 0.002 -16"><span class='ocrx_word' id='word_1_190' title='bbox 69 2009 149 2061; x_wconf 84' lang='lat' dir='ltr'>pitulo</span> <span class='ocrx_word' id='word_1_191' title='bbox 160 2008 308 2050; x_wconf 84' lang='lat' dir='ltr'>conventuali</span> <span class='ocrx_word' id='word_1_192' title='bbox 320 2008 512 2050; x_wconf 88' lang='lat' dir='ltr'>discutiebantur.</span> <span class='ocrx_word' id='word_1_193' title='bbox 526 2009 657 2051; x_wconf 79' lang='lat' dir='ltr'>Secundum</span> <span class='ocrx_word' id='word_1_194' title='bbox 667 2009 809 2051; x_wconf 88' lang='lat' dir='ltr'>sententiam</span> <span class='ocrx_word' id='word_1_195' title='bbox 821 2008 915 2050; x_wconf 89' lang='lat' dir='ltr'>maioris</span> <span class='ocrx_word' id='word_1_196' title='bbox 925 2021 979 2065; x_wconf 85' lang='lat' dir='ltr'>par-</span> 
     </span>
     <span class='ocr_line' id='line_1_27' title="bbox 73 2081 978 2134; baseline 0 -10"><span class='ocrx_word' id='word_1_197' title='bbox 73 2083 106 2124; x_wconf 90' lang='lat' dir='ltr'>tis</span> <span class='ocrx_word' id='word_1_198' title='bbox 120 2082 219 2134; x_wconf 87' lang='lat' dir='ltr'>capituli</span> <span class='ocrx_word' id='word_1_199' title='bbox 232 2081 378 2124; x_wconf 87' lang='lat' dir='ltr'>enuntiatam</span> <span class='ocrx_word' id='word_1_200' title='bbox 392 2082 458 2134; x_wconf 90' lang='lat' dir='ltr'>prior</span> <span class='ocrx_word' id='word_1_201' title='bbox 471 2082 628 2124; x_wconf 86' lang='lat' dir='ltr'>candidatum</span> <span class='ocrx_word' id='word_1_202' title='bbox 636 2082 738 2134; x_wconf 89' lang='lat' dir='ltr'>recipcre</span> <span class='ocrx_word' id='word_1_203' title='bbox 752 2082 831 2134; x_wconf 91' lang='lat' dir='ltr'>potuit</span> <span class='ocrx_word' id='word_1_204' title='bbox 844 2083 879 2123; x_wconf 91' lang='lat' dir='ltr'>vel</span> <span class='ocrx_word' id='word_1_205' title='bbox 893 2083 978 2124; x_wconf 90' lang='lat' dir='ltr'>reicere</span> 
     </span>
     <span class='ocr_line' id='line_1_28' title="bbox 73 2155 977 2208; baseline 0.002 -11"><span class='ocrx_word' id='word_1_206' title='bbox 73 2156 181 2198; x_wconf 66' lang='grc'><strong>(1111111135.</strong></span> <span class='ocrx_word' id='word_1_207' title='bbox 194 2156 304 2201; x_wconf 74' lang='lat' dir='ltr'>Conversi</span> <span class='ocrx_word' id='word_1_208' title='bbox 314 2155 488 2207; x_wconf 87' lang='lat' dir='ltr'>recipiebantur</span> <span class='ocrx_word' id='word_1_209' title='bbox 498 2168 524 2197; x_wconf 87' lang='lat' dir='ltr'>ex</span> <span class='ocrx_word' id='word_1_210' title='bbox 535 2167 647 2197; x_wconf 90' lang='lat' dir='ltr'>consensu</span> <span class='ocrx_word' id='word_1_211' title='bbox 658 2156 787 2197; x_wconf 89' lang='lat' dir='ltr'>necessario</span> <span class='ocrx_word' id='word_1_212' title='bbox 799 2156 977 2208; x_wconf 78' lang='lat' dir='ltr'>provincialis³⁶.</span> 
     </span>
     <span class='ocr_line' id='line_1_29' title="bbox 130 2229 978 2282; baseline 0.002 -11"><span class='ocrx_word' id='word_1_213' title='bbox 130 2231 232 2271; x_wconf 82' lang='lat' dir='ltr'>Examen</span> <span class='ocrx_word' id='word_1_214' title='bbox 245 2229 429 2282; x_wconf 86' lang='lat' dir='ltr'>recipiendorum</span> <span class='ocrx_word' id='word_1_215' title='bbox 443 2231 580 2271; x_wconf 89' lang='lat' dir='ltr'>versabatur</span> <span class='ocrx_word' id='word_1_216' title='bbox 593 2230 654 2272; x_wconf 90' lang='lat' dir='ltr'>circa</span> <span class='ocrx_word' id='word_1_217' title='bbox 667 2231 757 2271; x_wconf 89' lang='lat' dir='ltr'>statum</span> <span class='ocrx_word' id='word_1_218' title='bbox 770 2229 875 2278; x_wconf 74' lang='lat' dir='ltr'>liberum,</span> <span class='ocrx_word' id='word_1_219' title='bbox 890 2231 978 2273; x_wconf 87' lang='lat' dir='ltr'>sanita-</span> 
     </span>
     <span class='ocr_line' id='line_1_30' title="bbox 74 2303 978 2358; baseline 0.001 -13"><span class='ocrx_word' id='word_1_220' title='bbox 74 2308 129 2356; x_wconf 74' lang='lat' dir='ltr'>tem</span> <span class='ocrx_word' id='word_1_221' title='bbox 148 2316 223 2345; x_wconf 86' lang='lat' dir='ltr'>mores</span> <span class='ocrx_word' id='word_1_222' title='bbox 239 2307 262 2345; x_wconf 93' lang='grc'>11</span> <span class='ocrx_word' id='word_1_223' title='bbox 280 2303 401 2345; x_wconf 89' lang='lat' dir='ltr'>scientiam</span> <span class='ocrx_word' id='word_1_224' title='bbox 418 2303 625 2345; x_wconf 85' lang='lat' dir='ltr'>candidatorum³⁷.</span> <span class='ocrx_word' id='word_1_225' title='bbox 644 2305 696 2352; x_wconf 89' lang='lat' dir='ltr'>Hoc</span> <span class='ocrx_word' id='word_1_226' title='bbox 715 2303 823 2345; x_wconf 89' lang='lat' dir='ltr'>ultimum</span> <span class='ocrx_word' id='word_1_227' title='bbox 840 2305 978 2358; x_wconf 88' lang='lat' dir='ltr'>requisitum</span> 
     </span>
     <span class='ocr_line' id='line_1_31' title="bbox 73 2377 977 2429; baseline 0.001 -10"><span class='ocrx_word' id='word_1_228' title='bbox 73 2390 116 2429; x_wconf 88' lang='lat' dir='ltr'>pro</span> <span class='ocrx_word' id='word_1_229' title='bbox 133 2378 212 2419; x_wconf 89' lang='lat' dir='ltr'>ordine</span> <span class='ocrx_word' id='word_1_230' title='bbox 229 2377 419 2419; x_wconf 87' lang='lat' dir='ltr'>Praedicatorum</span> <span class='ocrx_word' id='word_1_231' title='bbox 436 2377 514 2419; x_wconf 88' lang='lat' dir='ltr'>adesse</span> <span class='ocrx_word' id='word_1_232' title='bbox 531 2378 620 2419; x_wconf 86' lang='lat' dir='ltr'>debuit.</span> <span class='ocrx_word' id='word_1_233' title='bbox 639 2377 755 2420; x_wconf 89' lang='lat' dir='ltr'>Iordanus</span> <span class='ocrx_word' id='word_1_234' title='bbox 771 2377 799 2419; x_wconf 88' lang='lat' dir='ltr'>de</span> <span class='ocrx_word' id='word_1_235' title='bbox 817 2378 917 2421; x_wconf 68' lang='lat' dir='ltr'>saxonia</span> <span class='ocrx_word' id='word_1_236' title='bbox 934 2379 977 2420; x_wconf 90' lang='lat' dir='ltr'>ali·</span> 
     </span>
     <span class='ocr_line' id='line_1_32' title="bbox 74 2450 976 2505; baseline 0.001 -13"><span class='ocrx_word' id='word_1_237' title='bbox 74 2452 165 2504; x_wconf 90' lang='lat' dir='ltr'>qnando</span> <span class='ocrx_word' id='word_1_238' title='bbox 179 2453 342 2504; x_wconf 75' lang='lat' dir='ltr'>accusabatur,</span> <span class='ocrx_word' id='word_1_239' title='bbox 358 2453 416 2503; x_wconf 88' lang='lat' dir='ltr'>qnod</span> <span class='ocrx_word' id='word_1_240' title='bbox 431 2452 458 2493; x_wconf 84' lang='grc'>60</span> <span class='ocrx_word' id='word_1_241' title='bbox 472 2453 558 2494; x_wconf 83' lang='lat' dir='ltr'>tratres</span> <span class='ocrx_word' id='word_1_242' title='bbox 573 2462 658 2503; x_wconf 88' lang='lat' dir='ltr'>parvae</span> <span class='ocrx_word' id='word_1_243' title='bbox 672 2450 822 2494; x_wconf 89' lang='lat' dir='ltr'>litteraturae</span> <span class='ocrx_word' id='word_1_244' title='bbox 836 2451 976 2505; x_wconf 78' lang='lat' dir='ltr'>receperit³³.</span> 
     </span>
     <span class='ocr_line' id='line_1_33' title="bbox 74 2524 977 2578; baseline 0.002 -13"><span class='ocrx_word' id='word_1_245' title='bbox 74 2539 86 2565; x_wconf 81' lang='grc'>1(</span> <span class='ocrx_word' id='word_1_246' title='bbox 97 2525 199 2567; x_wconf 79' lang='lat' dir='ltr'>Caveant</span> <span class='ocrx_word' id='word_1_247' title='bbox 218 2526 293 2577; x_wconf 81' lang='lat' dir='ltr'>(notat</span> <span class='ocrx_word' id='word_1_248' title='bbox 308 2525 438 2576; x_wconf 89' lang='lat' dir='ltr'>capitulum</span> <span class='ocrx_word' id='word_1_249' title='bbox 454 2524 597 2576; x_wconf 88' lang='lat' dir='ltr'>provinciale</span> <span class='ocrx_word' id='word_1_250' title='bbox 612 2524 749 2565; x_wconf 88' lang='lat' dir='ltr'>Provinciae</span> <span class='ocrx_word' id='word_1_251' title='bbox 764 2526 820 2566; x_wconf 89' lang='lat' dir='ltr'>anni</span> <span class='ocrx_word' id='word_1_252' title='bbox 836 2526 897 2578; x_wconf 68' lang='lat'>1242)</span> <span class='ocrx_word' id='word_1_253' title='bbox 915 2525 977 2578; x_wconf 88' lang='lat' dir='ltr'>prio-</span> 
     </span>
     <span class='ocr_line' id='line_1_34' title="bbox 73 2599 978 2651; baseline 0.001 -12"><span class='ocrx_word' id='word_1_254' title='bbox 73 2611 111 2640; x_wconf 85' lang='lat' dir='ltr'>res</span> <span class='ocrx_word' id='word_1_255' title='bbox 127 2610 155 2640; x_wconf 86' lang='grc'>11</span> <span class='ocrx_word' id='word_1_256' title='bbox 170 2600 221 2640; x_wconf 87' lang='lat' dir='ltr'>sine</span> <span class='ocrx_word' id='word_1_257' title='bbox 237 2599 345 2651; x_wconf 87' lang='lat' dir='ltr'>diligenti</span> <span class='ocrx_word' id='word_1_258' title='bbox 361 2599 531 2640; x_wconf 86' lang='lat' dir='ltr'>examinatione</span> <span class='ocrx_word' id='word_1_259' title='bbox 548 2599 698 2639; x_wconf 90' lang='lat' dir='ltr'>litteraturae</span> <span class='ocrx_word' id='word_1_260' title='bbox 716 2602 739 2639; x_wconf 93' lang='lat' dir='ltr'>et</span> <span class='ocrx_word' id='word_1_261' title='bbox 755 2611 845 2641; x_wconf 89' lang='lat' dir='ltr'>morum</span> <span class='ocrx_word' id='word_1_262' title='bbox 862 2599 978 2651; x_wconf 84' lang='lat' dir='ltr'>recipiant</span> 
     </span>
     <span class='ocr_line' id='line_1_35' title="bbox 73 2671 977 2725; baseline -0.001 -12"><span class='ocrx_word' id='word_1_263' title='bbox 73 2675 167 2725; x_wconf 79' lang='lat' dir='ltr'>iratres,</span> <span class='ocrx_word' id='word_1_264' title='bbox 181 2685 233 2714; x_wconf 89' lang='lat' dir='ltr'>cum</span> <span class='ocrx_word' id='word_1_265' title='bbox 245 2685 290 2714; x_wconf 92' lang='lat' dir='ltr'>non</span> <span class='ocrx_word' id='word_1_266' title='bbox 303 2674 383 2714; x_wconf 89' lang='lat' dir='ltr'>deceat</span> <span class='ocrx_word' id='word_1_267' title='bbox 395 2674 467 2714; x_wconf 87' lang='lat' dir='ltr'>talem</span> <span class='ocrx_word' id='word_1_268' title='bbox 479 2672 584 2714; x_wconf 88' lang='lat' dir='ltr'>ordinem</span> <span class='ocrx_word' id='word_1_269' title='bbox 596 2671 720 2715; x_wconf 87' lang='lat' dir='ltr'>inutilibus</span> <span class='ocrx_word' id='word_1_270' title='bbox 733 2674 826 2715; x_wconf 89' lang='lat' dir='ltr'>onerari</span> <span class='ocrx_word' id='word_1_271' title='bbox 836 2687 847 2713; x_wconf 82' lang='grc'>1</span> <span class='ocrx_word' id='word_1_272' title='bbox 862 2676 885 2714; x_wconf 87' lang='grc'>11</span> <span class='ocrx_word' id='word_1_273' title='bbox 897 2673 977 2714; x_wconf 90' lang='lat' dir='ltr'>eadem</span> 
     </span>
     <span class='ocr_line' id='line_1_36' title="bbox 72 2745 977 2799; baseline -0.001 -11"><span class='ocrx_word' id='word_1_274' title='bbox 72 2758 134 2788; x_wconf 86' lang='lat' dir='ltr'>anno</span> <span class='ocrx_word' id='word_1_275' title='bbox 146 2747 213 2788; x_wconf 77' lang='grc' dir='ltr'><strong>’125οε</strong></span> <span class='ocrx_word' id='word_1_276' title='bbox 231 2760 241 2786; x_wconf 81' lang='lat' dir='ltr'>c</span> <span class='ocrx_word' id='word_1_277' title='bbox 252 2759 296 2786; x_wconf 92' lang='lat' dir='ltr'>non</span> <span class='ocrx_word' id='word_1_278' title='bbox 309 2747 423 2799; x_wconf 89' lang='lat' dir='ltr'>recipiant</span> <span class='ocrx_word' id='word_1_279' title='bbox 436 2746 536 2787; x_wconf 82' lang='lat' dir='ltr'>novitios</span> <span class='ocrx_word' id='word_1_280' title='bbox 549 2745 720 2788; x_wconf 79' lang='lat' dir='ltr'>insufficientes</span> <span class='ocrx_word' id='word_1_281' title='bbox 730 2748 755 2787; x_wconf 90' lang='lat' dir='ltr'>in</span> <span class='ocrx_word' id='word_1_282' title='bbox 767 2746 866 2789; x_wconf 87' lang='lat' dir='ltr'>scientia</span> <span class='ocrx_word' id='word_1_283' title='bbox 878 2748 901 2787; x_wconf 92' lang='lat' dir='ltr'>et</span> <span class='ocrx_word' id='word_1_284' title='bbox 913 2747 977 2787; x_wconf 90' lang='lat' dir='ltr'>aeta-</span> 
     </span>
     <span class='ocr_line' id='line_1_37' title="bbox 72 2818 977 2872; baseline -0.003 -10"><span class='ocrx_word' id='word_1_285' title='bbox 72 2824 96 2862; x_wconf 93' lang='lat' dir='ltr'>te</span> <span class='ocrx_word' id='word_1_286' title='bbox 107 2822 146 2861; x_wconf 66' lang='lat' dir='ltr'>ril.</span> <span class='ocrx_word' id='word_1_287' title='bbox 162 2821 241 2861; x_wconf 88' lang='lat' dir='ltr'>Monet</span> <span class='ocrx_word' id='word_1_288' title='bbox 255 2820 383 2872; x_wconf 86' lang='lat' dir='ltr'>capitulum</span> <span class='ocrx_word' id='word_1_289' title='bbox 396 2823 515 2862; x_wconf 88' lang='lat' dir='ltr'>Romanae</span> <span class='ocrx_word' id='word_1_290' title='bbox 528 2818 661 2871; x_wconf 88' lang='lat' dir='ltr'>provinciae</span> <span class='ocrx_word' id='word_1_291' title='bbox 675 2821 772 2862; x_wconf 81' lang='lat' dir='ltr'>fratrem</span> <span class='ocrx_word' id='word_1_292' title='bbox 787 2820 977 2862; x_wconf 88' lang='lat' dir='ltr'>Bonaventuram</span> 
     </span>
     <span class='ocr_line' id='line_1_38' title="bbox 71 2892 976 2948; baseline -0.001 -11"><span class='ocrx_word' id='word_1_293' title='bbox 71 2895 201 2937; x_wconf 80' lang='grc'><strong>11111250</strong></span> <span class='ocrx_word' id='word_1_294' title='bbox 217 2907 227 2932; x_wconf 82' lang='grc'>1</span> <span class='ocrx_word' id='word_1_295' title='bbox 238 2896 264 2934; x_wconf 88' lang='grc'>11</span> <span class='ocrx_word' id='word_1_296' title='bbox 278 2906 334 2945; x_wconf 88' lang='lat' dir='ltr'>qnos</span> <span class='ocrx_word' id='word_1_297' title='bbox 348 2894 425 2936; x_wconf 86' lang='lat' dir='ltr'>minus</span> <span class='ocrx_word' id='word_1_298' title='bbox 437 2894 532 2935; x_wconf 86' lang='lat' dir='ltr'>idoneos</span> <span class='ocrx_word' id='word_1_299' title='bbox 546 2893 658 2945; x_wconf 88' lang='lat' dir='ltr'>receperit</span> <span class='ocrx_word' id='word_1_300' title='bbox 671 2893 697 2934; x_wconf 92' lang='lat' dir='ltr'>in</span> <span class='ocrx_word' id='word_1_301' title='bbox 711 2893 863 2948; x_wconf 87' lang='lat' dir='ltr'>grammatica</span> <span class='ocrx_word' id='word_1_302' title='bbox 876 2892 976 2936; x_wconf 86' lang='lat' dir='ltr'>instrue-</span> 
     </span>
     <span class='ocr_line' id='line_1_39' title="bbox 70 2956 976 3019; baseline 0.001 -10"><span class='ocrx_word' id='word_1_303' title='bbox 70 2982 96 3011; x_wconf 89' lang='lat' dir='ltr'>re</span> <span class='ocrx_word' id='word_1_304' title='bbox 108 2970 217 3010; x_wconf 74' lang='lat' dir='ltr'>teneatur</span> <span class='ocrx_word' id='word_1_305' title='bbox 228 2969 266 3007; x_wconf 65' lang='lat' dir='ltr'>„a</span> <span class='ocrx_word' id='word_1_306' title='bbox 275 2956 330 3008; x_wconf 80' lang='lat' dir='ltr'>imo</span> <span class='ocrx_word' id='word_1_307' title='bbox 342 2969 486 3010; x_wconf 76' lang='lat' dir='ltr'>Huni-bertus</span> <span class='ocrx_word' id='word_1_308' title='bbox 498 2965 568 3008; x_wconf 89' lang='lat' dir='ltr'>dicit:</span> <span class='ocrx_word' id='word_1_309' title='bbox 585 2980 596 3006; x_wconf 80' lang='lat' dir='ltr'>c</span> <span class='ocrx_word' id='word_1_310' title='bbox 607 2967 645 3008; x_wconf 90' lang='lat' dir='ltr'>ubi</span> <span class='ocrx_word' id='word_1_311' title='bbox 657 2970 693 3009; x_wconf 93' lang='lat' dir='ltr'>est</span> <span class='ocrx_word' id='word_1_312' title='bbox 705 2970 787 3010; x_wconf 87' lang='lat' dir='ltr'>tantus</span> <span class='ocrx_word' id='word_1_313' title='bbox 799 2967 903 3014; x_wconf 85' lang='lat' dir='ltr'>deiectus</span> <span class='ocrx_word' id='word_1_314' title='bbox 914 2967 976 3019; x_wconf 89' lang='lat' dir='ltr'>quod</span> 
     </span>
     <span class='ocr_line' id='line_1_40' title="bbox 45 3040 976 3107; baseline -0.002 -22"><span class='ocrx_word' id='word_1_315' title='bbox 45 3100 48 3107; x_wconf 31' lang='grc' dir='ltr'>Ι</span> <span class='ocrx_word' id='word_1_316' title='bbox 69 3056 117 3085; x_wconf 85' lang='lat' dir='ltr'>non</span> <span class='ocrx_word' id='word_1_317' title='bbox 131 3041 283 3084; x_wconf 85' lang='lat' dir='ltr'>inveniuntur</span> <span class='ocrx_word' id='word_1_318' title='bbox 296 3040 370 3093; x_wconf 83' lang='lat' dir='ltr'>aliqui</span> <span class='ocrx_word' id='word_1_319' title='bbox 383 3040 525 3093; x_wconf 79' lang='lat' dir='ltr'>sufficientes</span> <span class='ocrx_word' id='word_1_320' title='bbox 540 3041 580 3092; x_wconf 91' lang='lat' dir='ltr'>qni</span> <span class='ocrx_word' id='word_1_321' title='bbox 594 3040 683 3083; x_wconf 89' lang='lat' dir='ltr'>intrent</span> <span class='ocrx_word' id='word_1_322' title='bbox 698 3041 810 3093; x_wconf 64' lang='lat' dir='ltr'>ordinem,</span> <span class='ocrx_word' id='word_1_323' title='bbox 826 3040 918 3092; x_wconf 86' lang='lat' dir='ltr'>expedit</span> <span class='ocrx_word' id='word_1_324' title='bbox 933 3041 976 3083; x_wconf 88' lang='lat' dir='ltr'>ali-</span> 
     </span>
    </p>
   </div>
   <div class='ocr_carea' id='block_1_5' title="bbox 0 0 1098 3178">
    <p class='ocr_par' dir='ltr' id='par_1_8' title="bbox 0 0 1098 3178">
     <span class='ocr_line' id='line_1_41' title="bbox 0 0 1098 3178; baseline 0 2"><span class='ocrx_word' id='word_1_325' title='bbox 0 0 1098 3178; x_wconf 95' lang='lat' dir='ltr'> </span> 
     </span>
    </p>
   </div>
  </div>
 </body>
</html>
