2188 3178
439 122 532 162 1114111114
546 125 644 175 generalis

151 266 179 306 In
197 264 275 306 Gallia
292 269 418 308 conventus
435 266 528 319 quidam
546 270 678 320 provinciae
696 271 809 313 Franciae
827 273 857 314 ad
875 286 997 329 congrega-

95 348 181 390 tionem
194 334 349 391 liollandicam
362 352 424 393 uniti
436 354 499 404 sunt,
514 353 569 394 dum
582 355 743 408 Lugdunensis
757 360 882 400 conventus
896 372 997 414 pugnam

95 429 196 469 fratrum
209 426 391 470 inobedientium
405 433 487 483 contra
501 433 627 484 sectatores
641 434 703 478 vitae
717 437 833 490 regulares
848 436 915 490 vidit,
931 443 958 481 ut
972 440 997 481 in

94 505 154 548 actis
170 506 269 558 capituli
284 509 398 559 generalis
414 509 468 551 1434
483 513 608 562 apparere
626 514 715 557 Montis
729 516 801 558 Acuti
819 516 997 569 (Montaigu-en-

94 583 163 635 Laye)
178 584 268 636 pariter
281 588 367 628 fratres
382 589 542 644 observantiae
556 602 579 631 se
594 590 715 634 fixerunrr
730 597 753 635 et
768 594 910 647 probabilius
925 596 996 637 etiam

94 661 212 705 casaur.
483 649 484 652 Ἰ
790 659 792 661 V

149 750 194 790 Per
206 751 348 802 provintiam
361 754 498 812 Tolosanum
510 759 603 809 praeter
615 757 680 800 rixas
693 761 800 807 ordinum
814 762 996 803 Mendicantium

94 827 156 869 inter
172 841 195 871 se
211 830 272 871 aliae
287 842 370 873 causae
386 833 508 874 ruinarum
523 834 628 888 aderant,
646 848 705 888 quae
720 839 908 896 reformationem
924 839 996 892 impo-

94 919 147 950 nere
161 908 306 951 videbantur.
322 911 434 963 Magister
447 913 535 965 1141141,
551 913 590 965 11111
603 914 666 956 velut
680 916 831 967 provincialis
844 918 897 960 huie
911 918 996 961 ditioni
1017 928 1019 931 ’

92 986 220 1039 aliquando
235 992 349 1042 praeerat,
366 989 557 1031 collaboratorem
573 992 733 1034 observantiae
748 993 781 1036 ibi
796 997 913 1038 Andream
929 998 996 1039 Abel-

95 1066 134 1108 lon
148 1072 232 1110 nactus
246 1072 289 1114 est.
305 1069 353 1111 vita
368 1071 470 1123 regulari
484 1072 509 1112 in
523 1073 674 1115 conventibus
688 1075 829 1129 Arelatensi,
846 1079 995 1133 Massiliensi,

94 1148 197 1199 Aquensi
212 1150 371 1191 restauratae.

93 1246 95 1249 ’
150 1234 179 1275 In
193 1233 308 1297 Hispania
323 1236 422 1277 Alvarus
438 1237 608 1279 «zamorensis»
623 1238 685 1280 alias
698 1239 854 1281 Cordubensis
871 1242 897 1299 (†
912 1242 996 1294 1430)⁵²

95 1302 231 1355 4111141423
252 1326 323 1366 prope
344 1316 514 1357 Cordubensem
535 1316 653 1357 civitatem
675 1319 812 1358 conventum
834 1308 995 1359 observantiae

95 1393 176 1434 Scalae
192 1392 236 1434 Dei
252 1396 412 1446 nuncupatum
427 1394 544 1447 iundavit,
562 1407 613 1435 eum
630 1395 745 1448 religiosis
762 1408 774 1436 e
790 1386 842 1456 tota
858 1379 1001 1447 paeninsula*

94 1471 204 1520 attractis
216 1473 314 1524 replens.
328 1455 357 1514 In
369 1473 411 1514 hoc
423 1475 537 1515 conventu
549 1473 662 1515 stationes
675 1474 725 1516 viae
737 1474 813 1515 crucis
826 1475 927 1516 erexit⁵³.
941 1476 996 1516 1421

94 1552 158 1604 prior
172 1550 246 1593 maior
260 1552 439 1594 reformatorum
453 1551 479 1592 in
493 1552 596 1600 (lastella
611 1564 625 1593 a
639 1553 705 1605 Papa
719 1542 861 1606 nominatur,
879 1564 930 1595 cum
945 1551 996 1595 iure
1064 1564 1066 1568 ·

94 1640 236 1673 successores
254 1643 295 1683 per
314 1631 447 1672 electionem
467 1632 645 1672 reformatorum
665 1631 791 1673 hubenare
814 1630 996 1673 Observantibus

92 1709 224 1762 Aragoniae
232 1709 342 1762 magister
351 1709 432 1751 Texier
441 1710 494 1751 1440
503 1709 615 1751 vicarium
625 1709 774 1762 generalem55
785 1709 904 1762 praefecit.
915 1710 996 1750 Refor-

93 1791 170 1831 mator
185 1789 317 1848 provinciae
332 1789 462 1841 Aragoniae
479 1789 611 1841 Stephanus
627 1788 788 1830 salmantinus
804 1787 876 1828 fuisse
892 1787 995 1839 perhibe-

93 1871 160 1910 tur⁵⁶'.
177 1868 342 1911 observantiae
356 1870 493 1910 conventum
508 1867 676 1909 Beneficensem
690 1868 753 1920 apud
767 1866 892 1908 Lusitanos
906 1866 996 1908 instau-

93 1948 192 1989 randum
207 1947 289 1989 doetus
303 1949 326 1987 et
339 1946 392 1999 pius
406 1946 544 1988 Vincentius
559 1945 706 1987 Lisbonensis
721 1945 877 1987 confessarius
891 1945 953 1997 regis
968 1957 995 1986 er

93 2026 161 2068 huius
176 2026 435 2078 4414141114111141399
450 2028 567 2071 curavit⁵⁷.

148 2112 198 2154 His
206 2113 314 2166 partibus
328 2114 417 2156 ordinis
431 2115 456 2155 iu
470 2127 496 2157 re
510 2109 670 2158 observantiae
684 2117 751 2157 modo
766 2116 869 2168 generali
883 2115 994 2168 inspectis

93 2196 206 2238 relevetur
221 2197 253 2249 id,
269 2198 387 2250 quodque
402 2198 475 2250 magis
490 2198 538 2240 vita
552 2200 680 2240 reformata
694 2199 719 2239 in
734 2198 814 2240 ordine
829 2199 918 2241 radices
933 2200 993 2245 fixit.

59 2279 61 2284 '
93 2287 119 2316 eo
137 2275 210 2329 magis
227 2277 306 2318 unitas
325 2277 413 2319 ordinis
431 2290 455 2320 se
473 2278 594 2332 expressit,
613 2280 700 2331 absque
717 2263 788 2331 legali
805 2279 994 2330 particularismo

93 2357 288 2410 observantium⁵f
295 2361 319 2399 et
330 2358 464 2401 reformatis
475 2360 505 2400 ad
517 2359 656 2400 solutionem
668 2358 784 2410 integram
796 2343 994 2399 contributionum

91 2418 242 2500 antiquarum
255 2437 343 2480 ordinis
356 2439 504 2481 adstrictis⁵⁹.
519 2428 583 2481 Libri
596 2437 765 2492 registraturae
778 2437 891 2493 generalis
905 2438 995 2480 ordinis

92 2510 133 2570 per
145 2520 281 2561 secretarios
293 2520 457 2573 magistrorum
470 2521 604 2572 conscripti,
618 2523 688 2573 prout
700 2521 793 2572 adsunt,
807 2520 900 2562 nonnisi
912 2522 942 2562 ab
954 2532 994 2561 au-

91 2612 122 2661 no
136 2600 209 2641 1520ὓο
224 2601 412 2655 congregationes
427 2601 537 2663 speciales
552 2602 695 2653 distinguere
709 2600 784 2656 solent
798 2603 865 2643 extra
879 2599 994 2652 compagi-

91 2686 132 2718 nes
144 2663 476 2734 provineiarumconstitutas,
490 2683 544 2723 dum
557 2693 628 2733 usque
640 2682 670 2723 ad
682 2681 749 2722 illum
761 2694 848 2723 aunum
860 2692 906 2723 non
919 2680 993 2721 solum

92 2751 281 2803 congregationes
297 2755 476 2796 reformatorum
492 2756 517 2796 in
533 2754 659 2807 provinciis
676 2755 814 2800 exsistentes
829 2757 872 2797 sub
888 2754 924 2796 his
942 2765 993 2806 pro·
1009 2778 1011 2784 ·

91 2824 175 2865 vinciis
191 2825 346 2878 registrantur
363 2830 401 2869 sed
418 2829 488 2870 etiam
505 2828 694 2881 congregationes
711 2829 797 2871 maiore
813 2829 993 2880 independentia

91 2901 198 2941 fruentes
212 2902 239 2941 ut
254 2900 401 2956 lombardica,
418 2902 559 2955 hollandica,
576 2902 672 2945 Tusciae
687 2905 729 2946 sub
744 2903 849 2955 antiquis
865 2902 993 2944 ditionibus

91 2974 188 3026 ordinis,
201 2973 283 3026 quibus
293 2975 360 3017 iuxta
370 2977 486 3028 regionem
496 2976 626 3030 cohaerent,
639 2978 780 3019 afferuntur.
842 2988 843 2991 ’
