2101 3187
376 74 447 106 ileritu
461 74 484 107 de
496 74 591 108 societate
603 74 657 107 civili
930 76 971 116 189

123 201 198 243 Causa
218 198 364 243 'difficiliores
385 201 484 241 durante
506 201 564 242 bello
586 204 678 242 centurn
700 213 813 243 annorum
835 206 968 244 evenerunt.
1016 219 1018 226 s

65 275 142 323 Quare
161 275 289 328 capitulum
309 275 415 327 generale
434 286 494 334 anno
514 275 568 316 1344
588 275 671 316 edicit:
696 289 707 314 1
719 276 776 317 Cum
796 276 969 328 praedicatores

66 347 167 390 unitatis
181 351 204 389 et
219 348 284 400 paea
298 359 434 400 guerrarum
450 347 572 389 dissidia...
590 349 688 390 debeant
704 349 828 402 declinare,
846 357 905 391 cum·
914 350 969 392 haec

66 421 187 463 innumera
198 422 289 464 salutis
307 422 437 462 animarum
455 424 479 462 et
497 434 618 474 corporum
637 422 773 464 discrimina
791 424 970 465 committantur

65 507 153 538 necnon
166 497 248 538 exinde
260 497 414 537 conventuum
427 496 543 537 subversio
557 496 588 538 sit
601 496 712 548 timenda,
727 496 875 548 prohibemus
888 497 969 539 iratri-

66 571 108 610 bus
119 569 240 622 universis,
252 581 281 610 ne
292 570 319 610 de
331 568 461 620 principum
472 572 514 610 aut
525 569 624 611 aliorum
636 581 831 622 quorumcumque
843 559 969 622 guerris'se

66 644 235 695 quomodolibet
248 642 410 684 intromittant
423 644 445 683 et
459 643 563 684 volumus
576 643 721 684 eontrarium
734 642 847 685 iacientes
861 656 902 696 per
915 657 969 686 suos

66 717 203 769 superiores,
215 718 338 769 postquam
349 716 376 757 de
387 717 429 758 hoc
440 716 542 769 legitime
552 716 686 759 constiterit
697 718 785 758 carceri
797 717 967 769 mancipamur.

120 792 175 834 Alia
192 791 270 833 officia
287 790 364 832 aulica
381 790 537 843 praeceptoris
553 790 600 832 im'o
617 794 641 832 et
658 791 741 832 medici
758 792 862 833 inerunt.
883 792 906 833 S.
926 792 970 833 Lu-

66 865 159 908 dovicus
172 866 203 906 IX
216 878 227 904 u
239 866 280 905 sub
294 863 401 916 specialis
413 876 468 905 cura
481 864 588 916 magistri
601 866 624 905 et
637 864 734 906 oonsilio
748 864 909 917 religiosorum
923 877 969 906 ma-

66 939 125 980 xime
138 938 227 980 ordinis
240 939 341 979 fratrum
354 938 542 979 Praedicatorum
557 938 660 980 moribus
673 940 696 979 et
709 938 807 979 scientia
822 938 968 980 litterarum»

65 1013 177 1055 educatus
192 1014 234 1063 est,
250 1011 369 1053 Vincentii
383 1011 552 1053 Bellovacensis
567 1011 692 1063 praecipuo
708 1013 829 1052 munere20.
846 1013 914 1053 Anno
930 1024 970 1053 au-

66 1090 111 1128 tem
125 1088 179 1128 1493
193 1088 263 1127 Petro
278 1086 305 1126 de
320 1085 451 1138 Hempudia
465 1085 572 1127 licentiae
586 1085 721 1137 pontificiae
736 1086 868 1135 firmantur,
885 1085 925 1137 qui
939 1087 969 1127 ad

64 1161 142 1201 aulam
157 1162 251 1211 reginae
266 1144 385 1200 Elisabeth
400 1158 479 1210 exivit,
496 1161 522 1199 ut
537 1159 700 1211 principissam
716 1158 877 1212 Pcrtugalliae
892 1159 969 1201 inian-

66 1237 111 1275 tem
126 1232 255 1285 Hispaniae
270 1233 351 1286 legere,
368 1232 474 1285 scribere,
491 1232 665 1285 grammaticam
681 1235 704 1273 et
720 1233 796 1274 dicere
811 1232 969 1274 1111111111-

64 1309 153 1349 ceretfl.
169 1308 231 1348 Deua
244 1308 267 1347 et
280 1307 389 1347 llannano
403 1317 491 1358 garoque
505 1305 565 1348 filios
579 1318 656 1359 regum
671 1306 857 1348 instituebant22.

121 1380 190 1422 Pacis
203 1381 311 1421 terendae
326 1380 404 1420 nuntii
419 1379 454 1420 vel
469 1382 631 1431 procuratores
642 1393 658 1422 e
672 1381 789 1423 iratribus
804 1380 891 1422 nostris
908 1382 967 1422 exsti
993 1386 995 1390 ⁴

65 1457 145 1496 terunt
162 1455 238 1496 Guala
256 1455 319 1507 (1227
334 1454 397 1496 inter
413 1456 500 1506 Papam
517 1457 540 1495 et
556 1454 701 1495 Friderieum
718 1455 752 1507 ΙΙ)
769 1453 875 1505 idemque
892 1455 969 1496 enata

64 1541 92 1570 ac
109 1529 207 1570 Ioannes
223 1531 246 1569 et
262 1528 454 1589 Bartholomaeus
470 1528 498 1569 dc
514 1527 621 1569 Vicentia
637 1527 701 1569 inter
716 1522 844 1579 municipia
860 1528 969 1585 bombar-

66 1603 125 1654 diae,
141 1602 264 1654 praecipue
279 1601 376 1643 ultimus
391 1601 416 1641 11
431 1601 525 1642 civitate
541 1601 661 1643 Parmensi
676 1603 779 1653 tempore
795 1602 860 1653 pacis
876 1612 969 1653 genera-

65 1676 95 1718 lis
114 1689 125 1716 1
135 1676 238 1717 Alleluia
248 1690 259 1715 u
278 1674 367 1716 dicto²³.
389 1675 483 1716 Suerius
502 1675 584 1717 Gornen
602 1675 626 1714 11
645 1675 751 1726 pacanda
769 1675 893 1716 Lusitania
911 1686 969 1726 quae

64 1749 171 1791 civilibus
186 1749 308 1791 discordiis
322 1750 419 1790 ardebat
432 1751 508 1790 totum
522 1761 546 1789 se
560 1749 709 1790 collocabat²4
724 1751 747 1790 et
762 1751 842 1800 postea
857 1748 969 1790 Albertus

65 1825 162 1875 Magnus
180 1823 313 1876 intercessit
330 1809 466 1875 praesertim
484 1823 546 1863 inter
564 1822 763 1876 arehiepiscopum
781 1825 805 1863 et
823 1822 884 1864 cives
903 1823 968 1864 (1010-

64 1899 182 1949 111111εεῖ5,
195 1899 294 1938 loannes
305 1896 458 1939 Vercellensis
469 1896 494 1936 in
506 1896 644 1937 [lombardia
656 1899 726 1948 atque
737 1896 800 1938 inter
812 1908 883 1948 regna
895 1886 967 1937 Fran„

64 1972 115 2031 ciae
128 1974 151 2012 et
166 1972 310 2013 Castellae²⁶.
328 1970 462 2012 Cardinalis
476 1970 574 2012 Latinus
591 1970 742 2011 Malabranoa
756 1982 817 2010 anno
834 1970 888 2010 1279
904 1981 968 2011 occa-

64 2045 128 2086 sione
143 2044 309 2086 benedictionis
324 2044 394 2096 primi
409 2043 494 2095 lapidis
510 2045 533 2085 S.
550 2044 638 2084 Mariae
653 2043 763 2084 Novellae
778 2042 927 2084 Florentinos
942 2043 967 2083 11

63 2118 171 2169 amplexu
184 2118 248 2168 pacis
262 2118 366 2170 univit²⁷,
382 2119 405 2160 S.
420 2117 548 2159 (1111111111
563 2117 672 2159 Senensis
684 2117 823 2168 legationem
837 2117 902 2168 pacis
916 2117 968 2157 Flo-

63 2192 207 2235 rentiuorum
221 2204 272 2234 cum
287 2194 353 2244 Papa
367 2192 497 2245 suscepit²⁸.
515 2194 538 2235 S.
556 2192 691 2251 Vincentius
706 2193 790 2234 Ferrer
804 2193 858 2243 post
871 2192 968 2234 interre-

65 2279 134 2319 gnum
149 2269 173 2307 et
188 2266 278 2308 excidia
293 2267 424 2319 *aragoniae
439 2278 500 2308 anno
515 2267 569 2306 1412
585 2267 645 2321 apud
663 2266 737 2318 caspe
753 2266 863 2306 thronum
881 2266 959 2316 Arago

64 2342 116 2383 mae
132 2341 278 2383 Perdinandc
294 2343 360 2383 Iusto
377 2341 492 2383 Castaliae
506 2340 555 2392 regi
571 2321 685 2380 unitatem
702 2339 822 2391 politicam
838 2339 968 2392 Hispaniae

63 2415 205 2466 auspicando
217 2413 390 2456 adiudicavit²⁹.

120 2490 195 2539 Opera
206 2487 377 2529 misericordiae
389 2500 403 2529 a
416 2490 438 2530 S.
453 2488 573 2529 Dominico
585 2487 610 2527 in
622 2487 703 2528 ordine
715 2488 824 2538 plantata
837 2489 899 2527 sunt.
915 2488 968 2538 Ipse

63 2563 176 2604 fundator
194 2560 277 2602 salutis
295 2561 425 2602 animarum
445 2561 621 2602 sitientissimus
638 2560 769 2612 proximum
787 2559 863 2611 perire
882 2559 966 2609 noluit,

63 2637 104 2678 sed
121 2635 227 2688 operibus
243 2634 286 2685 reli
303 2635 434 2687 apostolici,
454 2635 567 2687 doctrina,
587 2634 767 2686 praedicatione,
787 2633 967 2674 commiseratio-

64 2723 100 2760 ne,
116 2710 238 2760 instruere,
255 2718 338 2758 augere
354 2710 377 2748 et
392 2709 502 2750 adiuvare
518 2708 613 2759 cupivit.
632 2709 693 2749 Dum
709 2718 778 2758 opera
795 2706 967 2749 misericordiae

65 2783 196 2835 spiritualis
209 2780 298 2823 actione
310 2781 412 2821 fratrum
425 2781 523 2823 unanime
536 2782 635 2833 elucent,
650 2793 719 2833 opera
733 2779 906 2822 misericordiae
919 2792 967 2822 cor-

65 2858 152 2909 poralis
166 2856 233 2898 simul
248 2857 271 2895 et
284 2853 415 2905 spiritualis
428 2855 453 2894 in
467 2854 645 2896 tentationibus
660 2853 773 2895 Pruliana
787 2853 870 2895 saltem
885 2853 910 2894 in
924 2853 967 2894 ini-

64 2931 98 2973 tio
113 2934 136 2973 et
150 2931 263 2972 (dolosana
277 2926 398 2968 mulierum
412 2928 487 2979 magis
501 2929 662 2969 ostenduntur.
679 2928 777 2969 Fratres
791 2927 968 2969 Praedicatores

28 3049 31 3054 ,
64 3005 169 3057 exempla
183 3004 310 3054 imitantes,
327 3000 426 3041 docendo
441 3003 465 3041 et
479 3001 635 3052 praedicando
650 3013 704 3042 vera·
719 3001 856 3052 principiam
872 3000 967 3041 societa-
