2101 3187
258 71 398 107 (lommereium
415 74 490 107 ordinis
507 82 551 108 cum
568 75 614 109 allis
631 75 734 121 ordinibus
905 81 946 122 253

41 194 124 247 quinas
139 196 252 238 sinceram
268 199 410 241 devotionem
426 201 543 244 monachis
559 202 674 244 exhibuit⁷
691 204 766 247 Medio
783 206 874 249 saeculo
891 208 943 251 XIV

42 269 173 312 labentibus
188 269 313 324 disciplina
325 275 347 314 et
361 274 450 315 fervore
464 274 553 317 ordinis
566 276 758 319 Praedicatorum
772 279 849 330 plures
864 293 892 322 ex
905 292 944 323 no-

41 342 98 385 stris
111 344 142 384 ad
155 346 295 387 monasteria
308 346 397 389 ordinis
411 347 533 390 monastici
547 362 571 390 se
584 350 752 392 coutulerunr.
769 352 874 397 Clemens
886 355 943 407 VH,

41 416 166 459 monachus
177 421 254 472 antea,
266 420 366 473 insignis
376 420 495 463 Themista
505 424 528 463 et
539 422 628 465 amicus
639 426 719 466 noster
730 425 828 468 exitur.
841 428 944 470 Abbates

41 489 181 533 benedictini
192 494 269 545 plures
281 506 308 535 ex
319 494 523 538 Praedicatoribus
534 496 622 550 sumpti
634 499 716 538 sunt10.

74 565 78 581 '¹
96 566 153 607 Oum
169 566 360 610 Oisterciensibus
375 568 449 611 maior
464 569 576 612 habitudo
592 572 733 613 nostratum.
751 573 803 614 11111
819 574 890 615 aliam
906 586 942 617 ra-

41 638 127 680 tionem
145 640 297 682 missionandi
314 641 338 681 in
356 640 462 693 partibus
480 643 601 687 Tolosanis
619 644 642 685 S.
663 644 799 688 Dominicus
816 647 898 689 habuit
915 661 942 691 ac
1004 698 1007 702 ¹

38 714 210 765 (listercienses,
223 727 270 756 non
281 717 308 757 ob
320 717 361 757 boc
373 717 496 759 relationes
507 718 650 770 interceptae
662 723 724 773 sunt,
738 721 800 763 sicut
810 724 834 763 et
844 721 942 766 libenter

39 788 115 829 nostri
127 790 218 841 notant,
233 787 396 832 Cisteroienses
409 791 464 831 bene
477 790 510 831 cis
522 790 622 834 voluisse
635 803 662 833 ac
675 792 748 833 decis
762 792 851 836 locutos
864 796 940 836 111111.

39 862 147 903 Monachi
166 852 331 905 Oistercienses
347 864 371 904 in
390 876 498 916 processu
516 865 719 906 canonizationnm
740 867 762 907 S.
783 866 900 908 Dominici
918 870 942 909 et

39 936 63 977 S.
78 935 177 976 Thomae
186 937 344 978 testabantur.
359 937 463 990 Aquinas
476 938 538 990 apud
552 938 670 981 abbatiam
684 939 873 982 Cisterciensium
886 942 941 983 Fos-

38 1020 78 1049 sae
90 1009 168 1050 Novae
180 1009 238 1051 obiit
251 1012 273 1051 et
285 1022 326 1062 per
339 1011 432 1064 longum
445 1014 535 1064 tempus
549 1003 655 1064 sepultus
668 1013 762 1054 mansit.
777 1014 941 1057 Gistercienses

38 1082 110 1135 legati
121 1083 156 1123 vel
168 1082 269 1135 episcopi
280 1084 414 1126 societatem
425 1086 527 1126 fratrum
539 1086 730 1128 Praedicatorum
743 1088 899 1141 quaesierunt,
914 1091 940 1130 ut

36 1156 164 1198 cardinalis
179 1157 299 1199 Corradus
313 1159 340 1200 de
353 1158 437 1211 ibach,
453 1159 491 1210 qui
505 1159 615 1200 Ioannem
629 1159 781 1201 Teutonicum
795 1160 850 1202 1224
864 1173 939 1203 secum
969 1153 971 1155 ¹

37 1229 132 1271 1111111112.
147 1232 176 1272 In
188 1230 294 1283 pluribus
307 1232 438 1284 regionibus
452 1232 600 1274 Dominicani
612 1233 637 1272 in
650 1232 740 1274 vineam
753 1233 889 1275 missionum
903 1246 940 1286 pe-

37 1306 169 1356 netrarunt,
184 1316 241 1356 oriae
254 1307 323 1346 antea
336 1317 377 1357 per
389 1305 553 1347 Oistercienses
567 1306 660 1347 exculta
673 1306 727 1347 tuit.
742 1307 840 1348 Demum
854 1307 939 1349 Cister-

35 1378 125 1420 cienses
133 1377 229 1429 plurimi
238 1378 384 1421 tliomisticae
394 1379 513 1421 doctrinae
523 1379 706 1421 adhaerebanrss.

31 1502 32 1505 Ἰ
92 1452 206 1502 Respectu
218 1452 306 1492 ordinis
319 1452 434 1493 Minorum
446 1453 532 1493 fratres
543 1452 720 1494 Praedicatores
732 1464 832 1494 amorem
844 1455 867 1495 et
879 1466 938 1495 com-

36 1524 129 1577 mercia,
144 1525 202 1578 quae
215 1538 242 1566 ex
255 1525 345 1567 ratione
358 1526 458 1568 eiusdem
472 1526 558 1568 aetatis
571 1529 594 1567 et
608 1526 692 1567 similis
705 1511 835 1569 industriae
849 1526 936 1579 fluunt,

36 1599 159 1640 habebant.
174 1600 199 1652 S.
216 1599 350 1641 Dominicus
365 1603 388 1641 et
404 1600 427 1641 S.
443 1599 581 1640 Franciscus
597 1599 726 1641 christiano
741 1599 848 1652 amplexu
862 1600 938 1642 iuncti

35 1674 118 1714 sunem
134 1674 169 1713 Ex
183 1674 321 1714 necessitate
335 1672 492 1729 mendicitatis
506 1673 624 1714 interdum
639 1674 745 1725 querelae
759 1676 783 1715 et
798 1673 862 1715 rixae
877 1673 938 1716 inter

35 1747 98 1798 ipsos
113 1747 154 1789 hos
169 1747 226 1788 duos
241 1747 332 1789 ordines
348 1748 509 1799 oriebanturr,
525 1748 566 1788 sed
581 1744 851 1802 decretiscapitulorum
867 1747 938 1800 magi-

35 1823 137 1861 strorum
146 1813 287 1873 generalium
296 1821 331 1862 vel
340 1822 446 1862 coetuum
455 1819 655 1872 provincialium1⁶‘
663 1818 751 1861 nostris
761 1819 848 1861 caritas
857 1822 881 1862 et
890 1821 937 1862 fra-

34 1893 135 1934 ternitas
144 1906 195 1935 cum
205 1893 334 1935 Minoribus
343 1895 455 1935 servanda
465 1894 634 1945 imponebatur.
647 1895 686 1935 Ita
695 1894 720 1934 in
729 1892 937 1936 constitutionibus

33 1966 174 2009 111111122817
187 1970 302 2009 statutum
314 1970 360 2009 est:
377 1969 493 2008 «Fratres
505 1967 607 2008 Minores
619 1966 680 2008 sicut
692 1969 715 2008 11
726 1967 801 2008 nostri
813 1966 936 2008 caritative

34 2044 57 2083 et
68 2035 176 2082 hilariter
188 2041 331 2093 recipiantur
342 2043 366 2083 et
377 2037 500 2082 secundum
513 2040 651 2081 facultatem
664 2040 744 2081 domus
756 2038 793 2091 pie
806 2042 829 2081 et
841 2039 936 2081 honeste

33 2117 218 2167 procurentur»,
237 2115 371 2156 11123411]
388 2114 488 2156 comit-iis
506 2112 690 2155 Parisiensibus:
713 2126 723 2151 11
734 2113 771 2153 Ad
789 2112 936 2153 dilectionem

33 2188 150 2228 internam
164 2189 266 2229 fratrum
280 2188 396 2230 Minorum
411 2187 491 2229 melius
507 2186 686 2227 conservandam
701 2185 816 2241 ,volumus
831 2188 858 2238 ut
872 2185 936 2227 inira

33 2261 145 2303 terminos
159 2261 322 2314 cuiuscumque
336 2261 439 2303 ministri
454 2259 604 2313 provincialis
619 2259 720 2311 eligatur
733 2270 796 2318 unus
812 2259 840 2301 de
855 2258 936 2300 fratri-

28 2338 77 2383 bus
93 2334 222 2376 Minoribus
239 2348 253 2376 a
269 2336 383 2377 fratribus
400 2334 526 2377 nostriset
543 2345 604 2375 unus
620 2333 648 2374 dc
664 2332 752 2374 nostris
769 2334 798 2374 ab
815 2332 848 2374 eis
866 2331 936 2375 sicis

33 2408 155 2462 placuerit.
169 2409 200 2448 Et
211 2408 253 2449 isti
265 2409 310 2450 duo
322 2409 370 2451 vice
382 2408 484 2449 ministri
496 2405 646 2459 provincialis
659 2417 738 2447 eorum
748 2408 774 2451 11
785 2405 872 2458 prioris
884 2416 935 2457 pro·
945 2450 946 2453 ,

31 2468 137 2527 vincialis
150 2482 225 2522 nostri
238 2493 344 2524 excessus
357 2483 492 2534 ubicumque
505 2483 580 2527 factos
594 2481 713 2532 corrigant
727 2482 750 2521 et
762 2481 883 2521 emendent
893 2480 933 2519 alt.

31 2558 144 2601 Unionem
159 2558 182 2597 et
196 2566 289 2596 eausam
304 2559 328 2597 et
343 2555 525 2598 enuntiationem
540 2565 683 2595 communem
698 2555 798 2594 fratrum
814 2552 935 2594 Praedica-

32 2635 110 2673 torum
125 2632 148 2671 et
163 2628 278 2669 Minorum
294 2629 478 2672 efficacissimam
493 2628 524 2669 lis
538 2627 564 2668 in
579 2626 740 2667 Mendicantes
753 2636 794 2677 per
810 2625 934 2677 magistros

32 2705 89 2747 cleri
109 2702 234 2746 saecularis
253 2701 396 2743 Parisienses
416 2704 523 2755 promota
542 2700 647 2753 perfecit.
669 2700 720 2748 Qua
741 2698 859 2740 occasione
879 2699 933 2741 1255

33 2780 132 2820 loannes
145 2775 278 2819 Parmensis
290 2775 397 2817 minister
410 2774 524 2827 generalis
537 2776 639 2815 fratrum
654 2771 770 2813 Minorum
784 2774 807 2813 et
821 2772 934 2813 Humber-

31 2856 71 2894 tus
88 2852 116 2893 de
131 2849 242 2893 Romanis
258 2848 367 2899 magister
383 2849 497 2900 generalis
514 2848 616 2888 fratrum
633 2845 823 2887 Praedicatorum
835 2844 933 2896 litteras

31 2925 200 2978 pulcherrimas
216 2925 243 2965 de
260 2933 315 2975 pace
332 2923 354 2962 et
371 2921 455 2962 unione
473 2922 587 2963 servanda
603 2920 665 2961 inter
683 2918 775 2961 ordines
793 2918 850 2960 duos
868 2917 932 2959 dede·

6 2976 7 2983 ¹
32 3002 114 3040 runt¹⁹.
129 3001 164 3040 Ex
175 3009 236 3039 anno
247 2996 301 3037 1262
312 2996 473 3036 documentum
485 2994 657 3035 Barcinonense
668 2991 730 3033 inter
743 2992 850 3043 priorem,
864 2992 933 3031 lecto-
