2188 3178
108 141 111 147 ,
128 102 156 142 10
274 89 275 92 ¹
443 86 444 91 ¹
473 102 566 136 uvoruuo
575 103 678 142 ‘generalis

129 218 193 281 num,
212 229 251 281 qui
269 241 318 270 eam
331 228 408 281 dedit,
428 231 451 270 et
469 230 589 282 lugubrem
607 229 735 270 incolatum
753 211 862 272 caelestis
877 230 1031 271 habitationis

130 291 225 355 perenni
237 301 399 344 consolatione
407 291 550 343 commutans
562 304 600 341 »²2.
779 355 781 358 ι
903 308 905 311 ’

185 377 241 418 Fuit
256 377 315 417 teria
330 379 404 429 sexta,
420 378 482 418 VIII
498 377 550 417 idus
566 377 668 429 augusti,
685 377 700 417 i.
718 390 736 419 e.
754 368 875 432 tangusti
890 389 951 419 anno
967 378 1029 419 1221.

106 479 108 482 -
131 451 195 492 Hora
214 450 369 492 defunctionis
388 452 463 492 trater
481 451 558 493 Guala
575 449 639 502 prior
658 450 760 504 Brixiae,
781 453 925 503 postmodum
944 451 1030 502 episco-

130 537 181 577 pus,
199 513 310 565 visionem
326 525 354 566 de
371 514 499 566 elevatione
515 523 684 576 praedicatoris
701 524 726 564 in
743 526 832 567 caelum
849 525 937 566 habuit.
957 524 1030 565 Felici

130 598 306 650 opportunitate
326 598 455 640 cardinalis
474 598 606 650 Hugolinus
627 598 706 640 (liebus
728 598 805 640 obitus
826 599 932 652 magistri
952 598 1031 639 Domi-

129 672 176 714 nioi
196 672 325 714 Bononiam
344 672 408 714 venit
427 672 573 724 officiumque
593 672 726 723 sepulturae
746 674 846 730 explevit
866 672 945 715 multis
965 684 1030 725 prae-

130 747 186 787 111111
205 746 374 799 praesentibus,
396 746 435 799 qui
455 746 527 799 legati
547 745 661 797 pontificii
681 757 752 787 causa
772 758 797 788 eo
818 748 978 789 convenerant.
1001 747 1029 787 In

129 832 184 861 arca
199 808 276 873 lignea
291 820 418 872 repositum
433 832 447 861 a
462 823 528 873 tergo
543 819 625 860 altaris
641 819 736 860 maioris
752 831 835 872 corpus
852 820 975 862 venerandi
991 832 1031 872 pa-

130 895 175 936 tris
190 894 345 936 tumularunt.

185 968 266 1021 ibique
276 980 317 1020 per
328 980 401 1010 annos
412 968 502 1020 aliquot
513 969 576 1010 sidus
588 969 651 1010 velut
663 970 824 1010 obumbratum
836 972 933 1012 iacebat.
948 972 1030 1012 Trans-

129 1043 217 1084 latione
226 1042 331 1094 corporis
339 1042 456 1083 Dominiei
465 1044 529 1084 tacta
539 1045 562 1083 ct
572 1043 763 1094 praecedentibus
772 1044 845 1096 signis
856 1043 980 1098 Gregorius
991 1045 1029 1094 IX,

129 1116 276 1157 Dominicum
291 1116 327 1157 die
341 1111 354 1157 3
369 1116 490 1157 1111111231
504 1116 626 1157 caelitibus
641 1116 793 1168 arlscr·ipsit²³.

307 1270 322 1328 ξ
338 1272 360 1313 2.
376 1270 496 1313 Character
512 1280 534 1312 et
549 1281 685 1313 momentum
704 1270 727 1314 S.
745 1272 867 1313 Dominici.

184 1402 246 1443 Nota
265 1414 356 1455 magna,
377 1415 435 1455 quae
453 1415 575 1455 personam
596 1404 618 1444 S.
639 1403 756 1445 Dominioi
775 1404 868 1456 eiusque
888 1404 1029 1445 vocatiouem

128 1479 151 1517 et
167 1467 329 1518 fundationem
345 1477 478 1529 distinguit,
496 1478 557 1518 zelus
575 1478 660 1519 salutis
674 1477 805 1518 animarum
822 1478 927 1519 habetur.
945 1479 1030 1538 Aucto-

129 1562 165 1592 res
182 1550 273 1602 quidem
290 1551 416 1591 Annalium
433 1551 528 1592 Ordinis
545 1551 744 1592 Praedicatorum1
762 1552 896 1604 0111111756,
915 1553 968 1593 dum
986 1551 1030 1592 vir-

74 1655 75 1658 ,
129 1626 200 1675 tutes,
214 1625 377 1675 characterem,
392 1625 484 1666 modum
498 1638 521 1666 se
535 1625 633 1667 habendi
648 1627 671 1667 S,
687 1625 803 1667 Domtnici
817 1627 952 1666 tractabant
965 1637 1030 1676 prae-

128 1698 175 1739 cise
195 1698 264 1740 huius
283 1699 317 1739 rei
337 1710 383 1739 non
402 1695 564 1740 meminerunt.
585 1700 662 1748 Quare
682 1699 785 1740 Denitle²
806 1699 968 1750 llamachium,
991 1698 1029 1751 qui

128 1772 251 1824 collegium
272 1772 366 1813 illorum
387 1773 627 1826 historIographorum
648 1773 735 1814 saeculi
756 1774 836 1814 XVIII
857 1774 1028 1823 moderabatur,

132 1847 272 1887 tenementer
287 1846 371 1899 carpit,
388 1848 448 1899 quod
463 1848 511 1889 nelo
527 1847 620 1888 ardenti
636 1847 720 1889 salutis
736 1833 873 1898 ammarum,
892 1859 935 1898 quo
952 1846 1030 1887 Domi-

128 1920 193 1961 nicus
208 1921 334 1973 flagrabat,
351 1920 434 1973 quique
449 1921 470 1961 ei
486 1921 547 1962 ratio
563 1924 586 1962 et
601 1921 672 1962 motio
688 1920 789 1962 rectionis
804 1932 858 1961 suae
874 1904 903 1960 et
912 1920 1030 1960 fundatio-

128 1994 164 2036 nis
186 1994 274 2035 ordinis
294 1996 353 2046 erat,
375 2007 431 2046 prae
452 1994 595 2047 expositione
616 1997 745 2035 ceterarum
766 1994 909 2046 egregiarum
931 1993 1040 2044 qualita,

128 2071 178 2109 tum
194 2069 342 2110 eminentiam
359 2081 405 2110 non
422 2069 583 2128 assignaverit.
603 2070 658 2110 ldeo
675 2068 750 2121 addit,
769 2056 882 2108 unitatem
900 2067 924 2107 in
942 2067 1031 2119 exposi-

128 2143 191 2183 tione
211 2143 372 2184 Mamachiana
392 2144 469 2184 deesse
488 2155 560 2195 neque
580 2143 704 2195 imaginem
723 2143 876 2192 adaequatam
897 2146 920 2182 et
939 2152 1029 2182 concre-

129 2219 177 2257 tam
195 2216 271 2258 sancti
289 2216 369 2268 patris¹
383 2217 574 2258 Praedicatorum
593 2215 702 2257 exhiberi.
724 2206 757 2256 Re
774 2226 836 2266 vera,
857 2214 877 2254 si
895 2214 1028 2256 testimonia

129 2301 214 2342 eorum,
234 2290 273 2343 qui
291 2291 363 2331 vitam
381 2294 405 2332 et
422 2291 620 2332 conversationem
640 2291 662 2332 S.
684 2288 800 2330 Dominici
818 2288 913 2340 propria
931 2288 1028 2330 soientIa

129 2367 152 2405 et
168 2364 311 2415 experientia
327 2367 448 2417 noverunt,
466 2365 627 2406 auscultamus
643 2364 762 2404 ardentem
779 2373 806 2402 ac
823 2361 938 2403 sitientem
954 2363 1028 2417 zelum

129 2438 215 2479 salutis
234 2437 364 2479 animarum
386 2439 410 2478 in
431 2439 517 2489 sptritu
539 2438 608 2479 Pauli
629 2436 730 2489 apostoli
751 2435 896 2477 Dominicum
917 2436 1027 2489 agitasse,

130 2512 255 2553 universali
271 2512 394 2553 concordia
411 2496 525 2554 evincitur
542 2515 565 2553 11
582 2512 713 2552 roboratur.

185 2586 243 2627 Eius
263 2586 287 2626 in
309 2586 443 2638 magisterio
464 2587 567 2639 generali
588 2587 677 2627 ordims
699 2585 888 2628 Praedicatorum
909 2597 1028 2643 sticeessor

128 2662 155 2701 Β.
173 2661 287 2702 Iordanus
301 2661 329 2702 de
344 2661 457 2702 saxonia:
477 2663 553 2713 «Ipse
568 2672 621 2701 vero
636 2659 712 2699 -ait
727 2661 824 2702 —totis
840 2662 927 2703 viribus
943 2660 1029 2700 etzelo

128 2734 298 2776 ferventissimo
317 2737 438 2787 satagebat
457 2735 547 2775 animas
567 2722 631 2786 quas*
642 2736 720 2785 posset
738 2734 874 2777 lucrifacere
893 2733 986 2775 Christo
1005 2735 1028 2775 et

127 2809 204 2849 inerat
221 2808 285 2849 cordi
301 2809 350 2851 eius
367 2809 426 2850 mira·
443 2813 466 2850 ct
483 2820 556 2862 [mene
572 2796 715 2848 incredibilis
733 2809 816 2850 salutis
834 2807 935 2849 omnium
953 2818 1029 2847 aemu-

127 2883 185 2924 latio
196 2896 216 2923 ».
228 2883 365 2924 utiterum:
380 2897 390 2923 a
402 2885 476 2924 'lanto
487 2881 561 2924 dlvini
571 2882 670 2923 terroris
678 2881 766 2934 impetu
776 2883 902 2933 terebatur,
915 2882 942 2921 ut
952 2880 1028 2932 ipsum

125 2969 175 2999 esse
191 2968 231 2997 vas
248 2957 341 2998 honoris
357 2960 380 2997 et
395 2957 511 3009 gratiae...
530 2956 592 2996 baud
609 2955 676 2997 dubie
692 2959 831 3008 probaretur
842 2956 871 2994 »1.
890 2956 986 2995 Demum
1003 2954 1027 2994 in

124 3032 232 3073 oratione
244 3032 274 3072 ad
288 3032 310 3072 S.
325 3032 472 3072 Dominicum
486 3030 601 3072 Iordanus
614 3030 710 3071 recitat:
728 3045 739 3070 u
750 3031 784 3070 'Iu
797 3028 844 3068 1110
858 3027 901 3068 Dei
914 3030 937 3067 ct
950 3039 1028 3078 super-
