2188 3178
419 82 512 116 llvolutio
525 83 624 123 generalis

153 202 199 243 Pro
217 214 271 243 casu
289 202 350 254 qirod
367 203 477 256 magister
494 207 547 256 post
564 205 669 257 capitula
687 205 840 258 provincialia
858 210 881 248 et
898 210 953 251 ante
970 209 1002 251 ie-

96 278 160 318 11111
178 277 341 320 &Michaelis
359 278 463 331 decessit,
483 278 518 320 ita
535 282 562 321 ut
579 280 699 332 provincia
716 293 763 323 non
780 280 875 323 haberet
892 283 1002 325 electores

97 351 205 405 magistri
220 352 374 407 qualificatos,
390 353 486 407 placuit,
502 354 666 405 definitoribus
680 368 803 409 eorumque
817 355 888 398 sociis
901 359 1002 409 potesta-

97 428 144 469 tem
163 427 288 469 electorum
307 428 414 481 magistri
432 429 561 470 tribuere²³.
582 430 673 472 Electio
692 431 744 483 ipsa
762 430 869 484 magistri
888 432 1002 483 generalis

96 501 121 542 in
136 502 240 543 conclavi
256 502 333 556 fiebat,
350 505 437 545 utiam
452 515 479 545 ex
494 504 703 555 constitutionibus
717 506 771 548 1228
786 509 809 548 et
825 518 852 548 ex
866 507 930 547 lacto
945 506 1001 547 anni

96 562 151 618 1238'
167 578 229 618 certe
245 563 349 630 constat,
363 577 416 620 aliis
433 578 547 620 tratribus
563 578 588 619 in
604 582 719 621 conventu
736 579 855 622 electionis
872 579 1002 622 viventibus

96 651 227 705 orantibus,
245 656 272 694 ut
288 654 351 703 Deus
366 654 393 694 de
409 637 502 705 pastore
517 652 600 695 idoneo
616 653 776 706 providerent
813 647 814 651 ¹

152 726 262 768 Generali
282 727 386 779 capitulo
406 727 516 780 magister
536 727 626 770 ordinis
639 729 751 781 praefuit
771 729 888 772 ordinarie
907 754 935 760 —
954 729 1001 772 nisi

95 800 120 842 id
134 803 254 853 protector
268 801 356 843 ordinis
370 801 675 844 11111101451-110125,
691 804 727 844 Ab
741 815 802 845 anno
816 805 870 846 1269
884 804 908 844 11
921 805 1000 846 absen-

95 875 131 917 tia
144 875 253 928 magistri
266 886 326 917 unus
338 888 365 917 ex
379 876 541 918 definitoribus
553 876 655 918 eiusdem
668 876 768 930 capituli
782 878 811 919 ab
824 878 882 931 ipsis
897 877 1000 919 definito-

96 949 161 992 ribus
181 951 216 991 vel
236 949 322 991 maiore
341 953 408 1002 parte
427 962 506 992 eorum
525 952 687 993 assumebatur
707 950 732 992 in
752 951 865 993 vicarium
885 951 998 1005 magistri,

96 1024 163 1066 onius
176 1025 235 1066 vices
248 1025 347 1066 habebat
358 1025 383 1066 in
395 1025 501 1067 omnibns
513 1025 644 1078 dumtaxat,
658 1037 716 1078 quae
728 1025 759 1066 ad
767 1027 899 1081 tractatum
912 1029 935 1068 et
947 1027 1000 1068 acta

96 1097 196 1150 capituli
211 1099 387 1150 pertractatur.
405 1098 534 1151 Dispositio
549 1098 595 1140 loci
610 1099 783 1152 provinciarum
798 1099 824 1140 in
839 1100 949 1151 capitulis
965 1111 1000 1153 ge-

95 1168 215 1214 neralibus
231 1172 299 1214 iuxta
315 1172 479 1225 antiquitatem
495 1173 619 1225 praecipue
635 1172 733 1225 originis
751 1173 786 1214 vel
803 1173 874 1214 etiam
890 1172 1001 1215 momenti

43 1274 45 1279 ·
94 1257 175 1287 earnm
194 1245 350 1288 determinata
368 1246 442 1288 tuit2l.
464 1248 499 1288 Ab
518 1258 579 1289 anno
598 1247 650 1288 1421
672 1246 697 1288 in
716 1246 818 1288 editione
837 1247 1000 1289 Reichertiana

94 1319 252 1371 capttulorum
265 1319 407 1372 generalium
420 1320 514 1362 nomina
528 1320 695 1372 capitularium
708 1315 850 1372 apparentia
866 1322 916 1370 Quo
930 1320 999 1362 etiam

95 1394 129 1447 fit,
151 1396 177 1434 ut
197 1393 336 1435 sciatur'an
355 1394 460 1446 capitula
478 1394 568 1436 tuerint
587 1394 737 1436 definitorum
757 1395 792 1435 vel
813 1394 998 1447 provincialium,
1040 1422 1041 1425 =

93 1468 155 1520 quiid
167 1467 193 1508 in
206 1468 298 1509 saeculo
312 1469 370 1510 XIII
383 1480 411 1520 er
424 1468 482 1509 actis
497 1468 553 1510 solis
566 1467 661 1509 minime
674 1467 793 1509 ercitum.
959 1470 961 1473 ’

140 1542 266 1583 1111111101
283 1541 381 1594 capituli
399 1541 520 1594 generalis,
538 1554 553 1583 a
569 1541 674 1594 capitulo
692 1540 831 1594 provinciali
848 1541 943 1593 electus,
962 1553 999 1583 ne-

93 1619 148 1656 xum
164 1615 227 1656 inter
242 1614 385 1667 provinciam
400 1617 423 1657 et
439 1615 540 1668 regimen
556 1615 645 1657 ordinis
661 1614 793 1670 constituIt.
811 1615 904 1656 Etenim
920 1614 969 1667 ipse
984 1627 999 1656 a
1038 1655 1041 1664 ,

94 1689 199 1741 capitulo
213 1688 352 1741 provinciali
366 1689 453 1731 electus
467 1688 566 1741 exstitit,
582 1691 677 1742 accepto
692 1688 762 1742 socio,
779 1688 818 1741 qni
832 1700 846 1730 a
861 1687 998 1740 provinciali

94 1763 190 1804 insimul
205 1774 256 1804 cum
272 1765 371 1815 quatuor
386 1762 546 1805 definitoribus
561 1762 664 1804 eiusdem
679 1762 779 1815 capituli
793 1761 944 1815 provincialis
958 1760 998 1803 elia

93 1836 199 1889 gebatur.
217 1836 250 1877 Hi
264 1837 351 1878 iratres
365 1836 432 1878 electi
446 1839 503 1878 sunt
517 1836 543 1877 in
558 1838 648 1879 aestate
663 1848 706 1888 pro
722 1835 826 1888 capitulo
842 1835 944 1888 generali
959 1835 998 1877 ha-

95 1911 167 1952 bendo
182 1911 287 1962 tempore
301 1910 419 1964 proximae
434 1911 588 1952 Pentecostes.
606 1911 627 1951 A
642 1909 783 1963 provincIali
798 1912 821 1951 et
837 1909 998 1951 definitoribus

92 1984 193 2037 capituli
205 1984 261 2026 suae
272 1983 405 2036 provinciae
417 1984 511 2025 litterae
522 1983 693 2026 testimoniales
705 1985 756 2025 tum
769 1982 887 2024 definitori
900 1982 997 2034 capituli

92 2057 209 2111 generalis
222 2060 273 2099 tum
288 2057 337 2099 eius
352 2058 414 2099 socio
429 2058 519 2099 dandae
533 2059 608 2099 erant.
625 2056 742 2116 Definitor
758 2056 820 2098 circa
834 2067 882 2097 rem
897 2056 996 2109 proximi

92 2132 192 2184 capituli
210 2131 324 2184 generalis
342 2142 482 2183 praeparare
500 2143 524 2172 se
542 2130 630 2185 debuit,
650 2133 677 2172 ut
695 2131 852 2182 competenter
870 2129 995 2183 laboribus,

92 2206 195 2258 consilis,
218 2205 409 2258 discussionibus,
430 2204 532 2259 iudiciis,
554 2204 653 2246 statutis
674 2201 846 2255 capitularibus
865 2203 994 2245 interesset.

93 2279 297 2332 Ocram'sequente
309 2279 448 2332 provinciali
459 2278 563 2331 capitulo
577 2278 687 2320 definitor
699 2275 799 2328 capituli
811 2277 924 2329 generalis
937 2277 996 2320 eius-

93 2365 136 2405 que
150 2352 227 2395 socius
241 2353 269 2395 de
283 2364 361 2394 eorum
376 2352 447 2406 gestis
462 2352 601 2406 respondere
616 2352 730 2393 debebant
745 2352 768 2391 et
783 2350 888 2393 exhibere
903 2351 995 2393 litteras

92 2427 200 2479 magistri
217 2427 305 2469 ordinis
323 2427 442 2469 occasione
458 2426 523 2468 illins
541 2425 641 2477 capituli
659 2425 727 2466 datas
744 2426 768 2465 et
785 2425 873 2477 copiam
891 2412 1001 2466 actorum*

91 2500 167 2552 ipsius
180 2500 279 2553 capituli
293 2500 433 2554 generalisii.
795 2540 797 2544 .

148 2573 205 2615 Oum
219 2586 247 2616 ex
260 2576 334 2616 morte
347 2573 454 2627 magistri
468 2572 593 2615 celebratio
608 2571 708 2623 capituli
721 2572 836 2624 generalis
849 2572 947 2631 differri
956 2584 995 2625 po-

92 2647 173 2699 tuerit,
187 2647 322 2689 informatio
336 2647 444 2701 specialis
458 2648 485 2688 de
497 2646 543 2688 tali
557 2644 622 2686 obitu
635 2656 677 2697 per
690 2644 793 2687 ordinem
807 2648 882 2688 totum
896 2657 995 2687 commu-

90 2722 192 2763 nicanda
207 2723 348 2763 occurrebat.
365 2723 397 2763 nt
412 2721 504 2774 quidem
518 2719 583 2772 prior
598 2718 664 2760 illius
679 2721 812 2772 conventus,
829 2719 870 2761 ubi
885 2707 995 2772 magister

90 2795 198 2848 decessit,
214 2795 323 2836 nuntium
338 2796 392 2836 dare
407 2793 507 2842 Parisiis
522 2793 557 2834 rel
573 2792 691 2834 Bononiae
707 2794 793 2835 debuit.
812 2807 823 2833 u
834 2795 866 2834 Et
880 2792 994 2835 alteruter

88 2871 189 2912 istorum
206 2870 366 2920 conventuum,
384 2868 422 2909 oui
437 2867 511 2920 primo
529 2865 692 2908 denuntiatum
708 2866 789 2921 tuerit,
807 2867 915 2908 teneatur
931 2866 993 2908 simi-

89 2944 145 2986 liter
173 2941 269 2994 reliquis
297 2941 405 2982 nuntiare
416 2955 435 2982 1.
465 2942 485 2982 Α
514 2942 627 2981 conventu
656 2940 784 2984 Parisiensi
812 2939 992 2992 provincIalibus

88 3016 227 3071 Hispaniae,
247 3015 391 3067 Prouincias,
410 3013 517 3067 Angliae,
537 3013 671 3068 (teutoniae,
692 3014 839 3067 postmodnm
857 3012 927 3055 etiam
946 3015 992 3057 Da-
