2188 3178
100 103 139 142 194
429 102 474 136 Vita
492 103 512 136 et
530 103 582 136 :ictio
599 103 674 137 orilinis

100 230 128 269 ab
143 231 237 271 Ainlrea
253 229 365 270 Bonaiuti
380 229 490 280 peresus
505 228 529 269 in
544 232 618 271 arteni
634 230 764 284 religiosam
779 229 905 273 iniluxitf'l¹
924 233 1005 274 Sancti

99 315 188 355 qrilupie
201 302 290 343 ordinis
304 304 338 343 vel
353 305 463 353 mysteria
478 302 595 355 religionis
609 305 691 356 iurique
704 304 896 356 depingebantur.
912 306 1004 348 Similes

100 378 205 429 picturae
217 378 319 418 Traiecti
331 380 394 431 isstti,
407 378 468 420 Pisis
480 379 542 429 rari,
555 378 696 420 ltatisbonae
708 374 840 420 elaboratae
852 381 936 428 sunm,
950 381 1004 426 illim

99 454 225 492 conventus
239 452 371 493 Gairdensis
387 452 487 504 (saeculo
501 453 553 492 XIV
566 455 672 503 exeunte)
687 456 709 494 et
723 452 902 493 Mediolanensis
917 453 940 493 S.
957 455 1005 495 hla-

99 527 147 565 'riae
163 526 300 566 Gratiarum
319 525 391 577 (eirea
406 537 491 580 annmm
507 525 560 565 ilua
577 537 646 566 mann
663 526 776 567 Leonardi
794 526 823 566 da
839 526 937 576 vincum
955 525 1004 567 coe-
1053 546 1057 550 ·

98 610 152 640 mun
165 599 260 640 Domini
272 600 296 639 in
310 601 433 642 refectorio
445 600 635 652 repraesentavit,
649 599 886 658 ciarritulo'llarvisino
901 596 959 640 serie
973 599 1004 640 vi-

97 684 176 713 rorum
191 673 322 714 illustrium
338 674 427 715 ordinis
445 675 547 725 (auctore
564 673 650 714 'lhoma
666 662 793 714 Mutinensi
808 673 871 724 1352)
890 674 1001 714 ornator.

96 750 173 799 Atque
186 748 263 799 pictor
277 748 394 800 arigelicus
409 750 507 789 {loannes
521 748 548 789 de
562 748 667 789 Faesulis
681 749 814 790 Florentiae
827 749 890 799 apud
904 749 927 789 S.
944 749 1004 789 Mar-

97 834 149 862 cum
169 822 272 874 alibique
291 823 417 875 ecclesiam,
438 822 549 875 claustra,
562 823 674 882 cellulas,
695 825 831 876 capitulum,
854 821 1003 863 domitorium

98 899 179 938 sancte
195 899 217 937 et
233 896 358 938 artificiose
374 897 499 938 decoravit.
517 897 677 938 Columbariae
694 910 762 949 snper
779 895 910 938 sainistiam
926 895 1003 947 imago

98 971 204 1011 crncifixi
222 983 288 1010 mmo
306 970 434 1012 inhaesit⁸³.
452 971 561 1012 Basileae
579 972 641 1023 apud
658 972 762 1013 claustra
780 972 881 1011 fratrum
900 971 923 1009 et
942 980 1003 1009 sero-

96 1057 148 1085 rum
159 1046 267 1086 «ehoreae
275 1047 433 1085 mortuorunm
444 1046 485 1087 snb
495 1046 569 1085 torma
579 1044 727 1097 phantastica
736 1045 863 1086 vanitatem
872 1040 960 1084 saeculi
969 1041 1003 1081 in-

96 1121 233 1161 dicabantll.
250 1119 395 1169 Inpluribus
410 1105 514 1160 domibus
527 1118 563 1159 rel
572 1119 665 1171 templis
680 1120 798 1159 «arbores»
809 1118 871 1159 vitae
884 1117 918 1158 vel
933 1116 1004 1157 <torni

96 1194 193 1235 niean‘ae
210 1193 382 1244 generationem
399 1192 545 1243 spiritualem
562 1176 714 1234 membrorum
731 1191 897 1234 venerabilium
915 1190 1004 1231 ordinis
1044 1198 1048 1206 “

97 1266 289 1307 Praedicatorum
299 1278 326 1307 ex
336 1266 429 1308 Christo
439 1267 549 1308 crucifixo
559 1267 594 1308 vel
604 1268 627 1308 S.
639 1266 760 1309 Dominico
769 1267 921 1319 prodeuntem
932 1267 1011 1319 expli-x

97 1342 209 1381 capanna
220 1340 257 1380 Ad
267 1340 437 1392 depingendum
447 1351 532 1392 muros,
543 1340 643 1392 tabulas,
655 1340 742 1381 altaria
751 1341 887 1393 saepissime
895 1340 1003 1383 famosio-

96 1426 133 1455 res
144 1413 246 1455 artifices
257 1413 367 1454 advocari
379 1414 491 1454 solebant.
505 1415 543 1454 Ita
554 1413 687 1455 Florentiae
697 1415 760 1465 apud
772 1415 795 1455 S.
810 1415 909 1455 Mariam
921 1415 1003 1456 Novel-

96 1488 143 1528 lam
156 1488 270 1540 Orcagna,
286 1487 404 1534 Cinnume,
418 1487 571 1539 Ghirlandajo
584 1489 607 1528 et
620 1486 792 1528 raneorurtrr
805 1487 906 1528 Holbein
919 1488 1001 1540 maior,

32 1608 34 1612 ,
95 1564 179 1616 Diirer,
197 1564 338 1604 Ginneuald
355 1575 425 1615 urreisa
441 1564 543 1604 exsecuti
559 1567 620 1605 snut.

152 1637 274 1678 Interdum
288 1637 364 1678 nostri
377 1637 401 1678 in
416 1639 467 1679 arte
480 1638 580 1689 pictoria
594 1638 736 1680 excellebant
751 1640 777 1680 ut
791 1639 821 1679 ir.
838 1638 934 1680 Guido⁷⁸
949 1638 1002 1680 Flo-

96 1705 186 1753 rentiae
213 1713 248 1752 vel
275 1712 299 1751 in
327 1712 418 1753 saeculo
444 1712 615 1755 runnnreas
642 1712 767 1765 Abellonfli,
797 1713 896 1753 Ioannes
923 1711 1001 1753 dictus

96 1785 250 1837 Faesulanus,
270 1785 297 1843 (ΔΓ
312 1786 375 1836 1455)
392 1786 431 1837 qrri
446 1785 516 1826 facile
531 1785 688 1838 principatum
705 1786 767 1827 inter
782 1785 883 1836 pictores
900 1797 952 1827 vere
967 1797 1002 1826 re-

96 1859 190 1911 ligiosos
209 1858 327 1910 obtinetll,
347 1859 539 1902 Bartholomaeus
558 1848 681 1900 Corradini
699 1859 800 1915 Urbinas
822 1859 867 1912 (ira
887 1858 1001 1900 Oarnova-
1061 1848 1062 1852 ¹

94 1935 132 1987 le),
152 1933 311 1985 Hieronymus
327 1934 471 1985 llonsipnori
489 1932 667 1987 veroniensisrss,
686 1934 803 1975 liartinus
823 1933 958 1974 Seluvarrr.

150 2010 297 2061 Sculpturae,
313 2010 358 2051 etsi
372 2011 434 2061 apud
449 2009 613 2052 Dorninicanos
627 2011 652 2051 in
666 2012 760 2061 exordio
774 2011 868 2062 vetitae,
885 2023 930 2052 non
946 2023 1002 2052 sem-

94 2097 136 2136 per
146 2085 175 2125 ab
186 2096 264 2125 eorum
275 2083 379 2125 ecelesiis
390 2084 496 2125 exsulare
507 2086 622 2135 poterant.
637 2085 762 2126 Struetura
774 2083 882 2125 solemnis
894 2095 962 2125 arcae
975 2084 998 2126 S.

95 2158 212 2199 Dominici
225 2161 248 2199 et
262 2161 423 2209 sumptuosum
437 2169 494 2209 opus
508 2169 574 2200 areae
589 2159 611 2200 S.
627 2158 692 2199 Petri
705 2157 846 2199 Veronensis
859 2156 884 2197 in
898 2156 1001 2198 ecclesiis

49 2265 50 2268 ,
95 2231 237 2272 Bononiensi
254 2233 277 2272 et
296 2232 318 2272 S.
339 2230 459 2283 Eustorgii
477 2231 644 2273 Mediolanensi
662 2232 767 2272 aderant.
788 2230 927 2272 Guillelmus
945 2231 1001 2270 (ΡΑ-

95 2305 170 2356 guello
188 2305 296 2357 Pisanus,
316 2317 382 2356 quem
400 2304 582 2346 architectonica
599 2307 650 2346 arte
668 2304 778 2348 celebrem
796 2303 843 2345 iam
861 2302 998 2356 invenimus,

95 2378 165 2419 etiam
183 2379 274 2429 scalpro
292 2378 409 2429 excelluit,
428 2381 501 2419 artem
519 2378 667 2447 caelandi·in
684 2389 751 2418 arcae
770 2377 793 2419 S.
813 2377 930 2418 Dominici
947 2389 1000 2418 con-

94 2452 193 2493 fectione
211 2452 376 2493 collaborando
393 2461 533 2493 monstrans.
553 2453 652 2493 Iacobus
669 2451 760 2492 Talenti
778 2463 866 2503 quoqne
884 2450 946 2492 sicut
963 2462 1000 2491 ar-

94 2524 247 2567 chitectonica
264 2528 316 2566 arte
332 2527 355 2567 et
371 2525 408 2566 ita
423 2525 551 2578 sculptoria
567 2523 700 2566 innotescit.
720 2526 748 2566 In
763 2525 898 2577 sculpendis
915 2524 998 2577 ligneis
1042 2534 1043 2537 ’

94 2599 169 2650 portis
182 2600 286 2657 ¹Ioannes
304 2600 329 2640 cli
346 2599 443 2641 Michele
460 2611 543 2640 nomen
561 2598 606 2639 sibi
623 2598 686 2650 iecit,
705 2599 759 2639 dnm
777 2599 819 2640 alii
837 2599 877 2651 qni
894 2597 999 2639 chorales

94 2672 158 2713 sedes
179 2672 304 2714 artificiose
325 2672 454 2714 decorando
475 2673 624 2713 coniecerunt
644 2673 729 2724 absque
748 2673 865 2714 mentione
886 2669 999 2712 historiae

93 2744 267 2787 transierant
933 2756 934 2759 ¹

146 2819 266 2860 vlhximium
280 2821 349 2862 decus
364 2822 451 2860 multae
466 2819 574 2860 ecclesiae
588 2807 751 2863 conventuales
764 2834 792 2864 ex
807 2822 936 2874 sepulchris
952 2835 998 2865 ma-

93 2905 191 2946 gnorum
212 2893 247 2933 vel
267 2893 399 2945 principum
418 2892 619 2934 nanciscebantur.
641 2894 718 2947 Papae
739 2895 832 2948 saepius
855 2896 882 2946 (e.
905 2907 925 2947 g.
948 2896 998 2939 Ole-

91 2979 155 3008 mens
171 2965 236 3018 Ν)93
252 2965 313 3006 sient
327 2969 350 3008 et
364 2967 493 3019 Anglorum
508 2978 612 3018 proceres
629 2967 728 3020 ,familia
743 2968 807 3021 regia
823 2968 936 3011 Franciae
954 2972 1003 3024 (ee.

91 3042 161 3084 clesia
179 3042 202 3083 S.
222 3040 302 3081 Iacobi
318 3041 447 3097 necropolis
464 3040 593 3082 Borboniea
610 3042 742 3093 vocaturM),
761 3040 905 3086 marchiones
923 3045 996 3086 Bran-
