2188 3178
81 55 119 94 128
210 85 212 89 .
318 73 319 76 ¹
407 57 454 92 Vita
471 58 491 92 et
508 58 561 92 actio
578 60 654 93 ordinis

79 184 216 233 quaerentes
227 182 326 223 exeundi
338 195 380 225 nec
391 186 485 236 portent
497 184 558 226 alios
569 186 641 228 libros
653 187 699 229 nisi
712 186 765 228 11100
778 187 817 240 qni
829 187 862 230 ibi
875 190 984 242 leguntur

40 259 41 262 ’
79 260 102 299 01
118 259 178 322 quod
193 261 291 310 surgant
306 259 337 300 ad
352 260 456 302 divinum
471 260 574 302 officium
585 264 624 303 »³⁷.
643 263 791 305 «studentes
806 265 883 305 autem
899 266 922 305 et
937 266 983 307 ira-

79 335 127 373 tres
140 342 217 373 omnes
229 334 294 385 sequi
307 319 397 376 scholas
409 335 549 388 compellant
565 337 738 390 [provinciales]
755 340 778 379 et
791 349 828 378 eos
842 338 881 391 qui
894 351 908 379 a
921 340 983 381 scho-

78 406 107 449 lis
121 407 247 448 defuerunt
260 420 301 459 per
314 409 481 450 abstinentiam
494 404 595 461 puniant
608 410 633 451 in
646 424 706 464 pane
720 414 742 453 01
756 424 815 463 aqua
829 412 880 464 ipsa
895 413 931 454 die
942 416 981 454 n³⁸.

79 483 201 524 Interdum
212 483 352 526 insolentiae
364 498 391 527 ex
403 487 470 537 parte
482 486 626 527 studentium
634 488 774 539 accidebant
785 489 815 528 ad
828 500 885 539 quas
896 500 984 540 repres-

79 557 155 598 siones
168 559 351 610 sequebanturil.
578 607 580 611 ἱ

134 633 587 676 110011010100001011010101010111111
610 636 691 677 horum
714 619 857 693 studentium
879 638 910 678 ad
932 649 983 689 pro-

79 699 203 749 ficiendum
221 709 391 749 destinatorum
410 709 445 750 vel
463 722 514 751 cum
533 695 684 762 deputatione
701 712 726 751 in
743 712 859 762 lectorem,
880 711 914 752 rel
931 722 982 753 cum

70 782 213 823 ascensione
229 783 259 824 ad
275 784 372 835 gradum
388 783 525 835 magisterii.
543 785 631 825 Nomen
648 785 739 836 quidem
757 800 767 825 o
779 785 879 826 doctoris
891 799 910 834 n,
929 785 982 836 quia

78 856 103 897 in
121 853 333 898 constitutionibus
347 857 403 897 anni
420 858 474 899 1228
491 858 626 909 apponitur,
644 859 669 899 in
687 859 832 911 legislatione
849 861 930 901 nostra
947 871 983 900 sa-

79 943 143 971 crum
158 930 294 982 permansit.
313 944 324 971 u
335 932 421 972 Nullus
436 931 477 972 fiat
492 931 600 983 publicus
615 932 695 980 doctor
710 932 757 973 nisi
772 946 813 985 per
829 937 928 985 quatuor
943 946 983 974 an·
1007 944 1009 948 ’

78 1016 120 1046 1100
131 1005 161 1044 ad
173 1004 249 1045 minus
260 1005 401 1056 theologiam
413 1005 515 1046 audierit
526 1007 565 1046 u⁴⁰.
579 1008 613 1047 De
624 1006 687 1047 iacto
699 1006 725 1046 in
736 1007 811 1048 medio
823 1006 913 1048 saeculo
924 1007 982 1048 XIII

79 1079 196 1119 «lector»
215 1079 369 1120 communiter
386 1079 449 1120 velut
466 1081 603 1132 praeceptor
619 1079 644 1120 in
662 1079 742 1120 ordine
760 1083 858 1132 apparet
875 1093 902 1122 ac
921 1080 982 1121 dein-

77 1165 131 1204 ceps
145 1156 251 1194 seruatus
265 1155 308 1204 est,
324 1154 377 1194 dum
391 1153 439 1194 alia
453 1153 583 1194 hierarchia
598 1155 717 1194 doctorum
732 1154 820 1195 ordinis
835 1155 944 1206 gradibus
959 1167 982 1196 a·

78 1226 201 1269 00110111οἱ0
219 1226 385 1279 insignitorum
403 1227 450 1267 iam
469 1227 578 1278 incoepit.
599 1227 730 1268 Alexander
749 1229 783 1269 IV
802 1227 839 1268 die
857 1221 884 1270 28
902 1228 981 1269 martii

77 1302 133 1342 1257
148 1300 226 1341 ordini
242 1300 433 1342 Praedicatorum
449 1300 570 1354 concessit,
589 1314 600 1341 0
611 1303 637 1341 ut
653 1300 740 1353 singuli
756 1302 842 1342 iratres
858 1302 885 1342 de
902 1302 981 1343 ordine

77 1376 154 1415 restro
171 1385 227 1426 quos
244 1375 370 1415 secundum
387 1373 567 1416 constitutiones
583 1374 657 1426 ipsius
674 1373 763 1422 ordinis
780 1374 930 1416 conuentibus
946 1387 982 1416 ue-

77 1448 134 1489 stris
154 1448 300 1500 10001011οο
320 1448 435 1490 duxeritis
452 1447 477 1488 in
497 1448 595 1489 lectores
614 1448 663 1489 sine
683 1448 934 1500 cuiusquamaltcrius
955 1448 981 1488 li-

76 1522 154 1563 centia
169 1522 241 1563 libere
256 1522 281 1562 in
298 1522 404 1567 domibus
420 1522 535 1573 praedicti
552 1522 642 1563 ordinis
658 1512 732 1574 legere
748 1535 775 1563 ac
792 1523 872 1562 docere
889 1522 981 1563 ualeant

77 1597 102 1638 iu
119 1597 249 1649 theologica
265 1597 380 1638 facultate
397 1596 445 1637 illis
462 1596 519 1637 locis
536 1595 638 1647 exceptis
655 1596 680 1636 in
698 1595 781 1647 quibus
799 1595 860 1647 viget
877 1595 980 1636 studium

55 1695 56 1698 =
77 1671 184 1723 generale
198 1682 225 1711 ac
240 1669 310 1711 etiam
326 1665 463 1721 quilibet‘in
477 1670 592 1711 facultate
607 1669 656 1721 ipse
672 1670 784 1711 docturus
798 1668 932 1710 solemniter
946 1668 981 1709 in-

76 1745 153 1796 cipere
167 1743 286 1785 consuevit
297 1745 336 1784 pss.
514 1797 516 1799 q

126 1819 236 1858 -leameu
248 1829 291 1869 pro
303 1817 429 1858 lectoribus
442 1817 557 1868 quoddam
570 1818 645 1858 locum
658 1816 747 1857 habuit.
762 1817 838 1867 Atque
852 1828 912 1857 anno
926 1817 981 1858 1305

75 1892 210 1933 ordinatum
221 1893 263 1942 est,
276 1892 336 1943 quod
346 1891 426 1931 nullus
435 1890 465 1931 ad
475 1890 579 1931 studium
590 1891 696 1942 generale
707 1889 824 1937 mittatur,
835 1889 980 1940 0110111010-

73 1966 126 2017 pria
135 1965 216 2006 sivein
224 1964 273 2006 0110
281 1964 402 2019 provincia
411 1963 457 2004 nisi
465 1964 490 2004 in
500 1963 637 2015 logicalibus
645 1966 669 2004 et
678 1962 800 2005 sententiis
810 1962 842 2003 sit
850 1963 980 2004 instructus

75 2039 220 2081 sufficienter
231 2052 242 2079 0
253 2041 276 2080 01
287 2038 421 2080 testimonio
432 2037 528 2078 lectoris
537 2040 561 2078 01
571 2037 673 2078 cursoris
685 2038 708 2077 et
719 2034 826 2088 magistri
837 2036 979 2077 studentium

75 2114 103 2154 de
114 2126 139 2154 eo
151 2125 204 2164 spes
214 2113 313 2153 multum
325 2111 452 2163 probabilis
464 2112 584 2162 habeatur,
598 2111 658 2163 quod
670 2110 700 2151 ad
711 2108 804 2150 lectoris
817 2109 919 2150 officium
930 2108 979 2151 ido-

75 2199 132 2229 neus
150 2187 181 2228 stt
198 2188 295 2227 iuturus
305 2200 324 2226 u.
345 2185 538 2226 Similiter1325.
558 2185 706 2225 Tenebantur
723 2181 856 2225 visitatores
875 2183 924 2223 «de
942 2182 979 2223 his

75 2261 115 2313 qui
127 2262 157 2301 ad
168 2261 290 2313 legendum
302 2259 419 2311 logicalia,
433 2261 530 2299 naturas
543 2261 566 2299 01
579 2256 708 2299 sententias
720 2257 743 2296 et
755 2257 785 2297 ad
798 2255 936 2297 mittendum
948 2258 979 2297 ad

75 2335 154 2376 studia
170 2333 288 2386 generalia
300 2332 355 2391 ¹apti
370 2332 460 2373 tuerint
475 2331 600 2384 diligenter
615 2330 732 2381 inquirere
748 2332 771 2371 et
787 2329 883 2372 lectores
900 2341 914 2370 a
930 2329 978 2381 qni-

75 2411 116 2451 bus
133 2408 253 2449 audierint
268 2418 357 2448 necnon
373 2408 396 2447 et
412 2405 520 2457 magistri
535 2403 680 2445 studentium
696 2404 724 2444 ab
741 2403 773 2445 010
790 2403 815 2443 in
832 2409 910 2445 eorum
927 2414 978 2444 con-

75 2476 301 2533 scientra'reqmsiti
323 2481 447 2521 teneantur
469 2479 535 2520 fidele
556 2476 715 2519 testimonium
735 2476 861 2529 perhibere.
884 2475 977 2517 Priores

74 2559 152 2601 autem
173 2554 327 2606 provinciales
350 2554 429 2595 eadem
451 2537 599 2593 districtione
620 2552 744 2591 teneantur
766 2550 890 2592 secundum
912 2548 978 2590 testi-

67 2611 152 2670 monia
170 2630 203 2670 sie
221 2631 314 2680 recepta
332 2628 359 2667 de
378 2626 464 2668 studiis
481 2628 504 2667 et
523 2623 671 2666 studentibus
689 2623 788 2665 fideliter
806 2623 926 2675 providere
937 2623 975 2662 »4².

74 2703 210 2754 Capitulum
225 2702 331 2754 generale
346 2700 537 2751 Norimbergense
553 2697 609 2738 anni
624 2698 678 2739 1405
693 2709 786 2739 normas
802 2695 977 2737 reiornratorias

74 2789 116 2829 pro
131 2776 267 2817 docentibus
280 2774 367 2816 nostris
382 2772 483 2815 0111111141.

129 2851 237 2890 Lectores
248 2848 273 2888 in
285 2848 380 2900 legendo
393 2845 502 2897 occupari
516 2832 663 2887 debebant'et
674 2829 721 2886 non
734 2844 789 2885 aliis
800 2842 902 2883 servitus
914 2854 977 2883 man-

72 2924 177 2978 01001144.
192 2924 211 2965 U
213 2922 236 2963 bi
247 2924 372 2963 conventus
384 2919 510 2962 lectoribus
521 2921 608 2971 carent,
621 2919 758 2972 suppleatur
769 2915 903 2957 necessitati
914 2916 974 2958 nuic.

73 2997 196 3041 Industria
208 2995 321 3047 seligendi
332 2996 403 3036 bonos
415 2994 501 3034 iratres
513 2994 543 3034 ad
554 2992 721 3046 proficiendum
732 2991 757 3031 tn
769 2988 854 3032 studiis
866 2989 896 3031 ad
907 2989 976 3030 lecto-
