2101 3187
414 51 563 86 Praedleatores
582 52 630 85 Itali
937 53 976 95 165

126 179 151 220 Si
163 180 186 221 S.
199 179 336 221 Vincentius
349 192 390 220 suo
401 180 535 231 apostolatu
547 180 693 222 uastissimas
704 183 782 232 partes
795 180 886 222 Galliae
898 182 973 223 adhuc

70 253 194 295 schismate
212 256 235 294 et
254 254 314 295 bello
330 254 447 294 laceratae
464 253 600 305 sublevavit,
620 255 725 295 Andreas
744 255 842 296 Abellon
865 257 891 313 (³5
910 257 972 307 1100)

66 326 301 369 verbiministerium
318 328 417 368 inaximo
433 327 578 369 audientium
593 329 673 369 fructu
689 340 730 380 per
746 328 893 370 Provinciam
910 341 973 370 exer-

67 402 144 443 cuit⁵⁰.
161 402 259 444 Parisiis
274 414 350 443 coram
366 401 518 443 universitate
533 415 559 442 ex
574 414 630 454 paee
645 414 706 443 anno
721 403 776 444 1403
791 403 876 444 effecta
891 402 973 444 iratri-

66 477 109 517 bus
121 476 328 534 Praedicatoribus
337 487 431 528 campus
444 475 613 518 sermocinandi
624 475 762 518 academicis
775 477 850 518 denuo
862 476 970 529 patuit⁵².

122 551 191 602 Apud
206 551 280 592 Italos
295 553 393 602 tempus,
410 550 470 602 quod
484 550 597 592 etiloritio
613 550 762 592 Humanismi
777 550 871 603 dicitur,
889 551 971 592 seriem

66 624 254 676 praedicatorum
267 623 425 676 paenitentiae
438 624 556 676 produxit,¹
571 636 668 676 quorum
682 624 778 676 plurimi
792 624 881 666 ordinis
895 625 970 666 nostri

65 698 214 739 exstiterunt.
230 699 366 749 importune
379 700 507 749 opportune
519 698 640 740 instabant
653 710 695 750 pro
709 697 812 740 moribus
825 699 969 747 christianis,

66 784 107 823 pro
121 772 245 814 seueritate
258 775 281 813 et
294 772 397 824 puritate
410 773 479 825 vitae,
493 785 534 824 pro
547 773 616 825 praxi
630 773 690 824 fidei,
705 773 762 824 spei,
778 773 885 814 caritatis
899 776 922 814 et
936 774 970 813 iu-

62 847 152 888 stitiae.
172 848 232 887 Dum
250 847 369 888 institutio
387 847 515 888 eln·istiana
531 847 645 889 catechesi
663 848 697 888 rel
716 847 859 889 sermonilnrs
877 848 971 888 ordina-¹

65 921 107 961 riis
129 921 311 974 relinquebatur,
335 921 358 960 hi
380 921 550 972 praedicatores
572 921 730 974 paenitentiae
744 921 905 962 imitationem
926 934 968 963 00-

64 995 178 1036 dienti‘um
195 995 217 1036 vi
234 1007 301 1036 sacra
316 994 468 1036 intendebant
485 998 508 1036 et
524 997 697 1047 perfeceruntffl.
717 997 756 1036 Ita
774 997 873 1037 Ioannes
890 996 969 1037 Domi-

64 1070 112 1111 nici
134 1070 292 1122 (1351311410)53
313 1070 443 1111 studiorum
464 1073 486 1111 et
506 1070 618 1111 orationis
640 1070 819 1122 praeparatione
840 1069 968 1122 praemissa

63 1144 156 1184 ardenti
169 1144 218 1184 zelo
231 1143 361 1184 animarum
375 1144 456 1196 pulsus
469 1155 598 1196 supremam
612 1143 727 1185 actionem
740 1144 892 1195 praedicandi
906 1146 968 1185 truc-

63 1220 130 1260 tuose
149 1218 255 1260 Venetiis
277 1219 385 1270 (raanan)
407 1221 430 1259 et
449 1218 581 1259 Florentiae
604 1219 699 1270 (140000)
720 1219 849 1259 exercebat.
871 1219 915 1258 'lot
936 1219 968 1259 et-

62 1294 138 1334 tectus
153 1293 268 1334 salutares
282 1292 307 1332 iu
321 1293 468 1333 auditoribus
483 1293 594 1343 eausarit,
611 1296 638 1333 ut
652 1294 819 1345 gubernatores
834 1292 967 1334 Florenti-ni

62 1368 140 1419 Papae
152 1367 343 1419 supplicaverint,
357 1369 471 1419 quatenus
483 1366 628 1418 praedicator
640 1379 681 1419 per
693 1366 876 1418 quinquennium
889 1380 903 1408 a
915 1367 967 1407 nul-

63 1442 84 1483 lo
104 1441 223 1492 superiore
242 1441 299 1482 alibi
318 1441 484 1494 assignaretur.
507 1441 600 1482 Solebat
619 1440 774 1492 expositiones
794 1441 917 1482 continuas
939 1441 965 1481 li-

61 1517 156 1556 brorum
173 1527 290 1557 sacrorum
308 1516 343 1556 uel
360 1515 566 1556 ecclesiasticorum
584 1514 716 1556 instituere.
735 1515 868 1566 Aliquando
886 1515 913 1556 de
931 1526 965 1556 re-

61 1590 122 1641 gulis
133 1589 191 1631 iuris
202 1602 229 1630 ex
240 1589 299 1630 libro
309 1591 353 1630 VI⁰
363 1589 423 1632 iuris
433 1588 538 1630 canonici
548 1591 602 1630 ante
613 1589 732 1630 meridiem
743 1602 755 1631 e
766 1591 877 1641 suggestu
888 1589 965 1630 cathe-

61 1664 135 1707 dralis
148 1664 305 1716 Florentinae,
321 1664 375 1704 dum
390 1666 442 1715 post
456 1663 574 1704 meridiem
587 1663 621 1704 ibi
635 1664 663 1704 de
678 1662 803 1715 evangeliis
818 1665 841 1704 et
856 1662 964 1714 epistulis

60 1738 149 1779 dierum
164 1738 308 1790 loquebatur.
324 1738 382 1779 Onm
396 1738 425 1779 de
437 1737 597 1779 inearnatione
611 1737 706 1778 Domini
721 1737 857 1790 disserebat,
873 1737 965 1779 animas

59 1812 194 1853 auditorum
206 1811 273 1864 quasi
284 1824 311 1852 ex
322 1823 391 1853 carne
403 1811 477 1852 traxit
489 1811 549 1853 sicut
561 1813 585 1852 et
596 1813 653 1852 nota
665 1810 786 1862 seraphica
799 1811 909 1863 pollebat.
925 1812 964 1852 Se-

59 1885 177 1927 uerissime
189 1887 275 1927 abusus
288 1897 377 1926 morum
389 1885 513 1937 castigavit
525 1888 549 1926 et
561 1884 704 1926 reformavit.
719 1883 768 1925 Alii
780 1884 860 1925 eximii
872 1884 964 1937 praedi-

58 1962 148 2002 catores
162 1959 294 2011 Hugolinus
307 1960 334 2000 de
347 1959 475 2011 Camerino,
490 1959 681 2000 Bartholomaeus
695 1958 843 2010 Mutinensis,
858 1958 962 1999 disertis-

58 2033 130 2075 simus
144 2034 172 2074 de
186 2033 298 2081 Borsellis
312 2032 447 2074 nominandi
461 2035 543 2074 sunt⁵t
559 2034 593 2073 lle
607 2035 683 2073 cetero
697 2043 737 2083 per
752 2031 857 2084 regiones
871 2034 962 2084 septen-

57 2107 171 2149 trionales
184 2107 315 2159 Stephanus
328 2106 443 2158 Bandelli‚
458 2107 590 2148 Matthaeus
603 2106 703 2157 Oarreri,
718 2106 823 2147 Andreas
837 2106 932 2159 Greghii
946 2119 961 2148 a

57 2181 170 2232 Piscaria‚
185 2181 365 2233 Ohristophorus
379 2182 406 2222 de
419 2180 557 2233 Mediolano,
572 2180 701 2221 Damianus
713 2180 834 2232 Furcheri‚
849 2181 963 2233 Augusti·

56 2267 102 2299 nus,
116 2254 199 2306 tangi,
217 2254 368 2297 Sebastianus
384 2254 468 2307 Maggi‚
486 2255 577 2295 Marcus
592 2266 606 2294 a
622 2253 722 2305 Mutina,
739 2264 781 2304 per
798 2253 903 2295 Siciliam
919 2255 961 2295 Pe-

56 2332 108 2370 trus
122 2329 149 2368 de
163 2329 270 2369 Gerernia
283 2328 369 2380 aliique
383 2327 481 2369 maxime
495 2327 654 2368 observantiae
667 2327 770 2369 asseclae
784 2327 885 2369 multum
898 2329 962 2369 truc·

56 2406 110 2447 tum,
123 2401 254 2453 animarum
270 2402 295 2441 in
312 2402 419 2443 horreum
437 2402 529 2443 Domini
547 2398 670 2458 salutifera
688 2412 768 2442 earum
786 2400 961 2453 praedicatione

55 2476 247 2528 congesseruntr.
263 2476 362 2517 Ioannes
375 2476 402 2517 de
415 2475 512 2527 Neapoli
527 2475 553 2533 (†
566 2474 628 2525 1400)
644 2485 698 2526 «per
710 2477 786 2516 totam
799 2470 895 2516 Italiam
908 2487 961 2517 eon-

55 2550 160 2592 cionibus
172 2548 308 2589 notissimus
318 2550 363 2602 »5⁶3-
372 2548 466 2591 Gabriel
478 2548 584 2589 Barletta
599 2549 625 2607 (†
638 2549 722 2600 llldl⁵⁷
736 2560 824 2601 000000
837 2549 874 2590 010
886 2549 959 2590 addu-

54 2624 128 2666 cendi.
141 2623 276 2664 leonardus
286 2622 400 2669 Matthaei
412 2623 478 2675 uulgo
491 2623 518 2663 de
529 2620 601 2663 Utino
616 2624 643 2681 (i
655 2623 718 2673 1470)
731 2622 895 2664 celeberrimus
906 2633 958 2664 con-

54 2698 160 2740 cionator
171 2697 241 2738 etiam
251 2707 328 2736 coram
339 2696 404 2737 curia
416 2698 518 2737 Romana
529 2695 622 2747 saepius
634 2698 726 2738 loeutus
737 2698 799 2737 est5l.
814 2680 868 2748 Ipse
879 2699 957 2737 autem

45 2770 194 2813 'ornatiorem
204 2781 329 2812 sermonem
340 2769 413 2810 coluit
421 2768 499 2820 potins
509 2780 577 2820 quam
588 2769 716 2821 simplicem
726 2770 881 2822 evangelicam
892 2780 957 2822 prae-

53 2845 200 2887 dicationem.
927 2900 928 2904 Ἰ

108 2919 212 2972 Denique
228 2917 325 2960 ultimus
340 2919 363 2958 et
377 2915 472 2957 maximi
487 2915 594 2960 influxus
609 2917 757 2970 praedicator
773 2920 852 2959 noster
869 2916 955 2959 saeculi

52 2996 90 3036 XV
100 2995 125 3034 in
135 2994 208 3035 ltalia
218 2993 372 3043 Hieronymus
383 2991 524 3032 0000000010
538 2992 647 3044 (1452Ὰο8)
659 2991 733 3043 101059,
746 2992 785 3043 001
796 2992 890 3032 natione
901 2990 957 3030 Fer-
