2188 3178
64 95 90 135 42
410 94 502 129 nvolutto
516 96 615 135 generalis
655 113 656 116 =

66 222 184 275 generales
198 222 242 264 sibi
255 225 416 281 successerunt
428 235 455 264 ac
469 222 588 275 31331333,
603 236 631 265 ex
645 223 728 277 quibus
741 223 813 277 aliqui
827 225 968 268 detractioni

66 297 220 349 indulserant,
241 295 352 338 solatium
372 296 525 339 moderatoris
544 297 605 339 firmi
625 301 649 340 et
668 298 759 340 stabilis
779 301 912 350 exspectare
932 301 970 342 de-

67 372 154 413 berent.
953 374 955 378 ’

80 451 95 481 ὅ
124 445 255 497 Stephanus
271 444 413 488 Bisuntinus
430 457 471 498 per
488 445 606 487 biennium
622 448 738 499 (laeam)
757 446 916 500 magisterium
935 460 971 488 or·
1005 446 1006 451 ’

68 519 130 560 dinis
146 519 272 561 exercebat.
291 519 405 573 Magister
421 519 561 561 Pamsiensis
577 519 701 561 exsistens
719 522 832 570 doctrina,
851 522 972 573 praedica

67 593 131 634 tione
145 593 208 634 verbi
222 592 273 646 Dei,
288 593 385 646 scriptis
398 593 534 646 praesertIm
549 593 696 646 homileticis,
713 579 823 647 regimine
837 595 972 647 provinciae

67 666 182 708 Franciae
194 665 310 708 excelluit.
325 668 354 709 In
367 668 502 720 generalatu
515 669 624 708 strenuus
637 670 740 709 assertor
753 669 866 725 virtutum
879 668 973 722 'religni-

69 752 148 781 sarum
165 752 214 782 esse
230 740 335 782 innotuit
352 740 387 782 iia
405 743 432 783 ut
449 741 563 793 aliquibus
582 740 710 783 chronistis
726 743 792 784 valde
809 744 882 785 durus
900 754 973 796 appa¹¹

69 814 151 856 333111.
168 827 178 854 u
189 814 257 856 Rexit
271 814 376 856 ordinem
389 815 414 856 in
427 814 492 868 virga
505 815 580 855 ferrea
591 828 602 855 3
617 816 685 856 notat
694 815 811 857 'Olmeda².
827 818 859 858 nt
873 816 971 870 Taegius
1026 810 1028 813 ’

69 890 189 940 memorat,
207 889 267 940 qrrod'
281 888 393 941 magister
411 889 541 941 Stephanus
557 890 656 930 «rotam
672 889 794 940 quamdam
809 891 909 932 terream
925 902 975 932 ma·

69 974 139 1015 gnam
153 962 298 1014 lampadibus
312 963 405 1014 plenam
420 964 443 1004 et
457 962 487 1004 ad
501 962 638 1014 sepuchrum
653 962 716 1004 beati
730 963 795 1004 Petri
809 964 922 1015 martyris
936 964 975 1005 de-

70 1037 207 1088 pendentem
225 1037 348 1088 totamque¹
365 1035 484 1078 ecclesiam
503 1035 663 1077 illustrantem
684 1037 783 1077 amoveri
803 1036 874 1078 133311
895 1038 974 1079 dicens

70 1110 136 1150 illam
154 1112 315 1162 paupertatem
333 1112 438 1152 nostram
457 1110 585 1151 deformare
596 1111 625 1150 ›>³.

91 1204 92 1208 =
126 1184 172 1225 Per
184 1184 248 1224 allud
261 1183 380 1225 biennium
394 1183 475 1225 deinde
488 1184 515 1224 B.
530 1182 642 1225 Nicolaus
655 1183 777 1226 Boccasini
790 1196 802 1225 e
816 1166 917 1226 secundo
932 1197 974 1225 sno
1035 1184 1036 1187 ’

71 1247 241 1310 provincialatu
255 1256 417 1305 11313113311334
431 1258 461 1298 ad
475 1268 606 1309 supremum
621 1257 722 1310 regImen
737 1257 824 1300 ordinis
838 1259 975 1310 assumptus

71 1332 158 1373 iratres
176 1331 353 1372 Praedicatorcs
371 1332 514 1383 gubernabat
534 1331 656 1382 11296198).
678 1331 725 1372 Sub
744 1343 769 1372 eo
787 1331 927 1373 constitutio
947 1331 977 1373 de-

71 1404 251 1447 dimensionibus
274 1404 424 1445 ecclesiarum
447 1405 552 1446 decenter
575 1406 668 1445 mutata
691 1406 733 1445 est.
759 1404 868 1446 Ordinem
891 1407 974 1446 contra

72 1478 229 1520 detractiones
242 1478 328 1519 multas
343 1490 370 1519 cx
384 1480 451 1530 parte
465 1478 635 1519 iraticellarum
649 1479 801 1519 membrorum
816 1481 840 1519 et
854 1478 911 1520 cleri
927 1491 977 1520 sae-

71 1552 247 1595 cularismotas
261 1554 361 1604 petendo
375 1564 390 1593 a
404 1551 523 1593 Bonifatio
537 1553 600 1593 VIII
614 1551 787 1593 roborationem
799 1552 973 1604 privilegiorum

72 1625 189 1668 munivit⁵.
592 1631 594 1638 ’

129 1701 190 1740 Dum
203 1700 252 1752 ipse
266 1700 296 1740 ad
309 1699 481 1741 cardinalatum
494 1698 599 1740 ascendit
612 1698 659 1740 iam
673 1698 698 1740 in
712 1699 821 1741 electione
836 1699 873 1740 sui
888 1711 978 1740 succes-v

72 1774 133 1815 ,33113
142 1785 184 1825 pro
192 1773 327 1825 magisterio
335 1772 438 1825 generali
447 1785 470 1814 se
479 1756 623 1814 immiscebat
632 1772 725 1813 litteras
734 1771 936 1814 commendatitias
945 1774 975 1813 ad

73 1847 203 1900 capitulum
219 1847 324 1899 generale
341 1846 450 1899 dirigens.
468 1846 590 1887 Albertum
607 1847 634 1887 de
652 1846 741 1899 Ianuis,
759 1846 798 1887 ubi
815 1845 914 1888 vestitus
932 1848 977 1898 est,

39 1971 41 1973 q
73 1922 153 1963 uelde
170 1920 285 1974 astavari,
305 1921 345 1962 ubi
362 1922 432 1962 natus
449 1918 503 1972 iuit,
522 1931 587 1972 quem
605 1919 741 1963 Bonifatius
758 1920 820 1961 VIII
837 1919 976 1971 magistrum

73 1995 202 2047 generalem
219 1995 380 2046 proposuerat,
398 1993 538 2045 33311313333
555 1993 617 2034 votis
633 1993 683 2034 suis
699 2004 786 2045 quoque
803 1992 902 2033 electum
919 1991 979 2033 uest-2

75 2070 193 2122 guarunti'.
209 2067 318 2110 Notabile
331 2069 429 2119 iactum,
444 2067 504 2119 quod
518 2068 559 2108 sub
574 2067 624 2108 eius
639 2065 773 2118 magisterio
787 2065 889 2118 generali
903 2066 978 2107 trium

74 2142 187 2183 mensium
204 2141 286 2194 evenit,
306 2144 342 2182 331
360 2140 488 2192 publicatio
507 2140 583 2182 bullae
601 2139 718 2181 Bonifatii
735 2140 805 2190 VIII,
825 2150 883 2190 quae
901 2139 979 2181 verbis

75 2232 86 2257 3
99 2216 174 2268 Super
183 2215 317 2257 cathedram
327 2229 338 2255 3
350 2214 471 2256 exorditur
482 2225 583 2266 quaeque
593 2213 738 2265 restringens
748 2212 904 2254 3333333131133
916 2214 980 2255 Μ31·-4

74 2290 121 2331 tini
134 2290 169 2331 IV
180 2290 205 2330 in
218 2290 283 2330 bulla
296 2302 307 2328 u
317 2289 355 2330 Ad
368 2289 461 2329 tructus
473 2288 574 2329 uberes»
589 2288 658 2328 (13133
672 2285 829 2327 Mendicantcs
843 2286 873 2329 ad
887 2289 977 2329 statum

75 2364 146 2415 primi
158 2364 194 2404 sui
206 2357 317 2414 temporis
329 2373 371 2414 per
384 2363 512 2413 respectum
525 2362 555 2402 ad
568 2361 656 2402 clerum
670 2359 809 2400 saecularem
822 2360 933 2402 reduxit⁷.

131 2438 246 2478 Defuncto
265 2436 378 2488 magIstro
398 2435 499 2488 generali
518 2435 615 2476 Albcrto
636 2432 747 2475 Ianuensi
767 2433 866 2487 regimen
887 2422 997 2476 ordinis*

75 2512 106 2552 ad
133 2510 295 2562 provincialem
323 2508 450 2557 {teutoniae
476 2510 595 2560 tamquam
623 2505 738 2547 uicarium·
762 2507 977 2549 constitutionalem

76 2585 177 2626 transtro
189 2584 276 2637 debuit,
288 2586 314 2624 at
326 2584 369 2623 1133
381 2583 430 2624 3133
441 2593 487 2623 333
499 2582 604 2640 absolute
617 2581 657 2620 scd
670 2580 822 2631 dependenter
834 2594 849 2622 a
861 2579 981 2622 cardinali

76 2655 205 2699 Boccasiui.
222 2658 283 2699 Huic
299 2656 435 2698 Bonifatius
450 2656 512 2697 VIII
528 2653 644 2696 commisit
660 2655 686 2693 ut
702 2665 742 2705 per
758 2667 781 2696 se
796 2656 831 2696 vel
847 2666 889 2707 per
905 2652 978 2694 alium

76 2744 116 2775 333
127 2730 186 2772 alios
196 2743 273 2771 curam
284 2731 311 2771 dc
321 2729 433 2781 regimine
443 2728 531 2770 ordinis
542 2728 631 2779 gereret
642 2738 693 2767 cum
704 2729 816 2770 1333111113
827 2727 982 2779 provincialis

76 2806 117 2859 qui
137 2805 237 2846 vicarius
257 2804 347 2845 ordinis
366 2806 402 2844 cst
421 2802 529 2853 cuiusque
550 2801 662 2852 potestati
683 2802 788 2854 derogari
808 2813 848 2853 per
869 2801 912 2841 1133
932 2811 977 2841 11311

75 2878 216 2930 intenditur,
232 2889 353 2929 processus
369 2874 506 2927 corrigendi,
524 2874 638 2926 mutandi,
656 2873 977 2927 reformandi‚=cmendandi⁸2

75 2950 390 3004 11113331111111313133111331
404 2949 488 2989 iterum
502 2947 628 2989 cardinalis
642 2949 764 2990 Boccasini
777 2960 823 2989 non
837 2948 912 2989 solum
927 2959 982 2989 con-¹

75 3030 131 3071 silla
148 3039 190 3069 sua
208 3023 334 3067 destinavit
352 3023 392 3063 sed
409 3021 558 3063 canditiatum
576 3033 665 3074 quoque
682 3023 812 3074 eligendum
829 3022 982 3062 Lambertum.
