2101 3187
383 101 384 104 *
404 63 530 98 visitatores.
549 63 653 98 Protector
957 65 985 105 97

57 207 58 211 ¹
79 190 450 232 1110100001010111101011111.
468 190 503 230 De
518 191 594 231 cetero
611 188 740 241 designatio
757 189 906 232 visitatorum
922 190 985 231 ordi-

79 264 198 305 nariorum
214 264 307 305 minime
323 262 439 306 exclusive
455 255 517 315 apud
533 263 663 315 capitulum
679 263 821 315 provinciale
837 263 911 305 stetit.
929 265 985 306 Ete-

78 338 125 379 nim
144 338 282 390 provinciali
299 337 447 378 incumbebat
465 348 529 378 suam
545 337 659 384 ditionem
676 336 772 378 visitare
790 339 825 380 vel
843 349 883 390 per
900 349 924 379 se
941 349 986 389 per

78 412 144 464 alios,
159 424 216 465 quos
228 412 278 465 ipse
291 412 407 453 mittebat.
423 412 462 452 Ita
474 423 534 452 anno
548 412 602 453 1236
616 413 732 452 statutum
745 411 810 453 initi.
827 412 914 453 Deinde
927 413 985 453 1219

78 487 133 528 haec
147 486 260 539 obligatio
274 484 359 537 prioris
373 484 525 538 provincia-lis
538 484 651 539 visitandi
666 497 730 526 suam
744 485 887 537 provinciam
902 497 943 538 per
958 498 985 533 se
1036 542 1037 545 Ἰ

79 546 117 602 vel
126 561 185 602 alios
198 560 233 602 ita
247 558 364 611 definitur,
379 558 440 611 quod
453 558 477 599 hi
486 558 531 600 alii
539 559 621 608 vessent
634 558 716 600 vicarii
729 570 781 601 cum
795 559 935 602 auctoritate
948 559 983 602 eis

78 647 92 677 a
103 633 243 687 provinciali
255 632 361 674 tributa⁷¹
376 634 477 684 Insuper
489 633 600 686 magistro
613 632 704 674 ordinis
715 634 750 674 vel
763 633 867 686 capitulo
880 634 983 686 generali
1000 658 1001 661 =

78 709 220 763 0011011111,
236 708 368 752 visitatores
383 709 410 749 in
425 720 589 761 quamcumque
604 708 693 750 ordinis
708 709 825 761 regionem
840 709 875 749 vel
890 709 982 750 domum

77 784 217 841 delegandi⁸.
236 784 309 826 Casus
325 784 459 826 huiusmodi
476 787 601 826 occurrunt
617 786 668 825 1111
684 785 710 825 11
727 785 878 838 deputatione
894 784 919 825 in
935 786 985 826 An

79 863 148 915 gliam
162 860 357 913 inquisiturorum
371 873 386 902 a
399 861 503 913 capitulo
517 862 623 913 generali
634 861 690 902 anni
704 862 758 902 1278
772 860 981 913 transmissorum,

78 942 127 980 tum
143 938 167 978 in
183 938 350 979 constitutione
365 938 470 990 plurium
485 937 624 980 vicariorum
640 949 681 990 per
697 938 840 990 provinciam
856 937 985 979 Teutoniae

79 1012 221 1053 auctoritate
236 1012 348 1064 generalis
363 1012 464 1065 capituli
476 1024 538 1053 anno
551 998 606 1055 iam
620 1014 685 1054 iacta
699 1014 726 1054 ut
739 1012 773 1054 ibi
788 1012 938 1054 visitarent10.

133 1086 278 1128 Relationem
295 1088 323 1128 de
338 1089 435 1139 peracta
452 1086 585 1129 visitatione
602 1087 711 1129 visitator
727 1087 752 1128 in
769 1087 873 1140 capitulo
890 1087 985 1139 provin-

78 1161 132 1202 ciali
147 1161 257 1212 praesens
273 1161 327 1202 dare
342 1160 428 1214 potuit,
446 1160 492 1202 nisi
507 1161 556 1202 sola
571 1162 661 1213 scripta
675 1162 874 1203 communcatione
889 1160 985 1203 relatio-

78 1248 129 1291 nem
143 1235 236 1287 exsequi
249 1235 385 1276 malneritss.
967 1238 968 1241 ’

133 1311 231 1351 Demum
246 1310 349 1365 quaestio
364 1309 477 1363 exoritur,
492 1322 523 1351 an
538 1310 660 1352 districtus
675 1310 824 1352 determinati
839 1310 985 1352 visitationis

78 1386 139 1437 apud
157 1381 333 1425 Praedicatores
350 1383 486 1425 exstiterint
502 1385 532 1425 ad
549 1384 726 1425 similitudinem
743 1385 903 1426 custodiarum
920 1384 982 1426 ordi-

79 1459 116 1499 nis
131 1459 256 1499 Minorum.
276 1459 307 1499 nt
323 1457 424 1510 videtur,
443 1460 503 1510 quod
520 1459 548 1500 ab
565 1470 627 1499 anno
644 1457 739 1499 121511
757 1458 839 1501 multis
856 1458 985 1510 provinciis

79 1531 212 1574 huiusmodi
231 1531 316 1573 limites
334 1532 448 1584 speciales
467 1543 509 1583 pro
528 1531 703 1573 visitationibus
723 1531 980 1585 circumscribebantun

79 1606 121 1647 etsi
137 1606 179 1649 hae
194 1605 347 1647 limitationes
360 1618 408 1647 101
422 1605 448 1646 11
462 1605 631 1664 legislationem
646 1608 779 1658 assumptae
795 1606 870 1647 sint12.

133 1674 256 1720 Protector
271 1680 359 1721 ordinis
374 1680 438 1732 apud
453 1680 539 1722 iratres
554 1679 732 1721 Praedicatores
746 1692 792 1721 non
809 1680 869 1720 illud
884 1691 985 1721 momen-¹

78 1756 128 1794 tum
145 1752 236 1805 habuit,
256 1754 315 1805 quod
332 1740 360 1794 ei
370 1754 434 1805 apud
451 1754 537 1794 iratres
554 1753 658 1795 Minores
675 1753 798 1806 obtigerat.
820 1752 982 1794 «institutum

78 1827 204 1869 cardinalis
219 1827 366 1880 protectoris,
382 1827 444 1880 quod
459 1827 483 1869 S.
498 1826 639 1868 Franciscus
652 1826 740 1878 primus
756 1827 860 1868 omnium
873 1826 986 1868 fundato-

79 1913 127 1941 rum
144 1901 252 1942 ordinum
267 1900 399 1942 introduxit
410 1914 421 1940 »
438 1900 551 1952 duplicem
566 1901 635 1942 finem
650 1900 752 1942 intendit
766 1903 790 1942 et
805 1900 940 1953 providendi
955 1903 982 1941 ut

79 1975 164 2016 iratres
179 1986 268 2026 semper
282 1975 399 2016 Ecclesiae
413 1974 501 2015 subditi
515 1975 636 2015 manerent
649 1976 673 2015 01
686 1974 785 2015 habendi
799 1975 915 2026 potentem
930 1986 982 2025 pro-

79 2050 189 2089 tectorem
208 2049 271 2100 apud
291 2049 371 2090 Sedem
390 2047 577 2099 Apostolioam1³.
600 2043 612 2088 u
623 2047 746 2088 Dominum
765 2048 913 2089 Hostiensem
924 2061 934 2087 v
957 2049 980 2089 S.

79 2120 218 2163 Franciscus
231 2124 384 2173 protectorem
398 2113 508 2174 petivit14.
524 2122 611 2163 Debuit
624 2120 664 2162 ille
677 2133 725 2162 esse
738 2133 766 2162 ex
779 2121 857 2162 oificio
872 2134 883 2160 o
893 2124 986 2173 proteo--

68 2196 115 2235 'tor
124 2179 152 2235 et
166 2196 308 2247 gubernator
321 2195 394 2239 totius
409 2195 618 2236 instauramur.
635 2194 692 2236 (ium
705 2195 793 2237 iratres
806 2194 986 2236 Praedicatores

79 2281 105 2310 ex
119 2268 189 2308 initio
204 2269 320 2310 exclusive
334 2268 465 2310 clericalem
480 2268 583 2309 ordinem
598 2268 758 2320 formaverint,
775 2280 855 2310 eorum
870 2268 986 2309 constitu--

79 2341 113 2383 tio
128 2341 241 2382 canonica
256 2343 326 2384 talem
342 2344 505 2395 protectorem,
522 2342 560 2394 qui
576 2354 615 2384 eos
631 2341 656 2381 in
673 2342 758 2394 spiritu
775 2341 930 2384 ecclesiastico
947 2354 986 2383 ro-

79 2416 179 2466 boraret,
197 2401 244 2455 non
260 2417 403 2467 postulabat.
423 2416 511 2458 Summi
526 2416 652 2457 Pontifices
668 2417 745 2456 autem
763 2415 863 2457 libenter
879 2416 983 2457 ordinem

80 2488 270 2530 Praedicatorum
290 2489 452 2542 frequentibus
472 2488 710 2531 commendationibus
731 2489 847 2541 episcopis
865 2491 983 2530 terrarum

80 2563 259 2614 praesentarunt
278 2563 340 2604 velut
358 2565 517 2616 protectorum
535 2563 597 2605 vices
616 2564 711 2615 paterne
730 2563 856 2615 explentes.
877 2563 986 2604 Particum

80 2637 124 2678 lari
143 2636 210 2678 modo
229 2634 299 2676 etiam
317 2636 445 2680 cardinalis
465 2636 578 2679 Ostiensis
598 2636 730 2688 Hugolinus
749 2638 901 2688 patronatum
920 2636 982 2677 circa

80 2710 255 2752 Praedicatores
269 2708 342 2760 egitlff.
359 2711 410 2751 Imo
426 2722 468 2762 pro
482 2710 621 2762 specialibus
637 2709 765 2752 ditionibus
779 2722 793 2751 a
810 2709 986 2752 8111111οΡ01-

80 2784 182 2826 tificibus
197 2781 314 2835 praesules
328 2783 449 2835 tamquam
464 2786 607 2835 protectores
622 2784 724 2824 fratrum
739 2783 929 2825 Praedicatorum
946 2785 985 2824 de-

81 2857 238 2899 stinabantur.
254 2856 357 2908 Apparet
371 2855 433 2897 enim
448 2868 466 2897 e.
483 2869 504 2909 g;
520 2857 544 2897 in
558 2856 674 2899 Hibernia
687 2869 747 2899 anno
762 2858 818 2899 1245
832 2857 986 2910 archiepisco-

80 2944 123 2983 pus
140 2931 218 2973 David
236 2929 355 2980 MacKelly
371 2917 430 2970 OQP.
450 2932 567 2981 protector
585 2932 718 2972 nostrorum
737 2943 779 2983 pro
798 2930 840 2972 iila
858 2930 981 2971 natione1⁷.

80 3005 165 3047 iisdem
180 3016 222 3056 per
237 3002 383 3046 Germaniam
398 3004 483 3054 rogatu
498 3004 605 3056 magistri
621 3004 709 3045 ordinis
724 3016 738 3046 a
754 3005 871 3046 Clemente
887 3005 920 3045 IV
935 3003 985 3055 epi-
