2188 3178
55 82 81 121 94
399 85 521 119 constitutio
538 87 614 120 ordinis

66 239 67 247 ,
89 248 90 252 ,
112 209 201 251 Novitii
212 209 277 250 inira
289 210 437 263 aununi,'qni
448 222 522 251 arnum
535 213 663 254 novitiatus
675 212 701 253 in
713 211 781 253 initio
794 224 840 253 non
853 213 908 266 luit,
922 215 960 256 sed

56 283 122 325 aliud
132 284 232 335 spatium
242 284 338 326 maioris
346 285 464 343 tuitionis,
476 299 486 324 (1
497 285 527 326 ad
537 286 674 340 longinquas
684 289 764 339 partes
773 286 818 327 nisi
829 288 857 328 ob
867 299 960 330 causam

57 358 210 399 necessariam
223 370 270 399 non
283 357 410 409 mittantur
423 359 500 400 necin
513 359 593 412 aliquo
607 361 683 403 officio
697 362 837 414 occupentur
851 363 875 402 et
889 364 961 404 vestes

57 443 137 473 eorum
151 433 205 472 ante
219 432 386 483 professionem
401 445 454 474 non
463 433 595 474 alienentur
610 447 650 476 nec
664 435 712 488 ipsi
727 438 786 478 ante
795 435 961 487 professionem

57 505 195 546 ordinentur
205 508 245 547 „a
280 559 282 562 v

114 592 124 619 c
135 579 203 621 Prior
212 580 310 622 novitiis
318 580 599 634 magistrum'diligentem
610 582 634 622 iu
643 583 798 626 instructione
808 595 887 625 eorum
897 594 960 635 prae-¹

57 654 137 705 ponat,
153 653 192 706 qui
204 665 243 695 eos
255 654 283 695 de
297 654 375 696 ordine
389 656 477 708 doceat,
492 654 516 695 in
529 656 627 697 ecclesia
639 657 726 699 excitet
739 660 762 699 et
775 657 911 709 ubicumque
923 669 960 698 ne·
1011 643 1012 647 ¹

56 727 171 780 gligentes
185 740 208 770 se
223 728 354 782 habuerint,
369 730 439 770 verbo
454 729 488 770 vel
503 729 569 782 signo
585 732 698 782 quantum
712 731 799 783 poterit
814 744 853 773 eos
867 730 960 772 studeat

56 802 203 844 ermndare...
217 802 471 854 Humilitatem-cordis
483 805 506 844 et
517 803 623 855 corporis
635 805 717 845 doceat
729 817 768 847 eos
779 806 887 847 habere...
902 805 960 854 Quo-

56 876 124 917 modo
137 876 220 929 ubiqne
233 879 256 918 et
269 877 294 916 in
307 876 414 919 omnibus
425 889 474 918 sese
487 876 572 924 habere
585 878 690 930 debeant,
704 878 768 930 ipsos
782 881 849 921 debet
862 879 959 920 instrue-

56 962 107 991 re...
122 952 182 992 Item
193 950 277 992 novitii
289 950 351 991 inira
363 953 455 1003 tempus
468 951 613 1003 probationis
627 964 681 994 suae
694 952 720 992 in
733 953 863 1004 psalmodia
876 955 898 994 et
912 953 960 994 offi-

56 1024 92 1065 cio
111 1024 189 1066 divino
207 1025 318 1066 studeant
336 1025 461 1077 diligenter
471 1026 509 1065 1114.
528 1026 565 1066 'De
583 1025 690 1078 magistri
704 1025 849 1068 novitiorum
868 1038 960 1068 munere

56 1098 149 1150 plenius
165 1098 325 1139 commentarii
340 1099 400 1140 varii
415 1099 481 1150 plene
496 1098 652 1140 inrorinantr.
670 1099 806 1142 Novitiatus
821 1102 925 1153 tempore
940 1113 960 1142 e-

56 1172 123 1224 lapso
138 1172 251 1224 professio
266 1172 417 1229 emittebatur
431 1172 496 1213 iuxta
510 1174 641 1214 formulam·
650 1175 812 1227 venerandam,
829 1175 860 1216 ad
874 1175 960 1228 proies-

57 1246 147 1287 sionem·
161 1246 319 1287 benedictione
334 1246 429 1288 babitus
445 1249 580 1299 sequemet.

113 1321 140 1362 Si
154 1321 179 1360 in
193 1321 313 1373 provincia
328 1322 433 1362 Romana
448 1323 578 1363 1111101284
593 1322 728 1374 impositum
737 1308 798 1374 tuit,
816 1336 827 1362 c
839 1324 900 1374 quod
915 1324 960 1364 ira-

56 1398 104 1436 tres
118 1394 210 1436 iuvenes
222 1395 297 1436 ‘donec
311 1395 461 1447 impleverint
474 1395 586 1437 decimum
601 1398 707 1437 octavum
718 1408 807 1437 annum
822 1396 894 1438 etiam
909 1399 960 1448 post

12 1469 13 1473 ’
55 1469 327 1528 10011111101011111010111
343 1481 436 1521 semper
449 1469 496 1510 sint
512 1471 555 1511 sub
571 1482 627 1511 cura
643 1469 752 1522 magistri
767 1470 909 1511 novitiorum
926 1471 959 1512 vel

55 1542 163 1596 alterius,
180 1543 218 1584 eui
233 1543 354 1594 praelatus
370 1543 507 1596 iniunxerit,
525 1544 566 1596 qui
583 1543 791 1600 circaproiectum
808 1543 920 1585 scientiae
937 1546 960 1585 et

55 1616 176 1669 religionis
194 1616 299 1669 ipsorum
316 1617 446 1658 sollicitam
459 1629 538 1658 curam
557 1619 623 1670 gerat
633 1604 672 1670 W,
692 1617 718 1658 in
736 1617 839 1669 capitulo
858 1617 960 1670 generali

55 1690 186 1732 Venetiano
203 1691 258 1732 1325
276 1691 368 1743 legitur,
390 1705 401 1731 1(
413 1691 473 1743 quod
490 1691 570 1734 nullus
588 1692 725 1733 notabiliter
742 1681 832 1733 iuvenis
850 1692 960 1733 mittatur

55 1766 86 1806 ad
100 1764 180 1806 studia
193 1765 281 1805 artium
295 1767 348 1806 ante
361 1765 458 1806 tertium
472 1777 559 1806 annum
573 1767 602 1807 ab
616 1765 722 1818 ingressu
733 1767 772 1806 bil.
788 1766 855 1815 ouon
869 1767 974 1817 ternpus
997 1749 998 1752 Ἴ

55 1823 249 1890 complementare
265 1840 404 1880 tamennon
421 1839 483 1879 velut
499 1839 629 1881 novitiatus
644 1840 684 1880 sed
699 1839 778 1891 potius
794 1839 960 1881 maturationis

55 1915 78 1954 et
92 1914 154 1954 iuste
168 1912 259 1964 quidem
274 1912 466 1954 considerandum
480 1915 521 1954 est.

101 1986 156 2036 Qui
171 1998 195 2028 se
210 1986 289 2027 ordini
304 1986 453 2040 addixerunt,
469 1987 493 2027 in
509 1987 659 2029 conventibus
676 1986 857 2039 quibuscumque
873 1986 958 2027 assumi

54 2062 172 2114 poterant,
186 2062 257 2101 donec
268 2062 297 2102 ab
309 2062 436 2102 0111101326
448 2061 553 2101 collectio
566 2045 744 2102 novitiorum-in
756 2059 833 2112 aliquo
846 2062 958 2101 conventu

54 2134 219 2187 principaliore
229 2134 374 2186 singularum
385 2148 397 2174 «
408 2134 570 2175 visitationum
581 2148 592 2174 1)
603 2135 712 2175 iacienda
722 2132 830 2174 ordinata
841 2133 880 2174 sit.
894 2146 904 2172 1(
914 2133 936 2174 N
937 2146 958 2175 o-

54 2208 115 2249 11101
125 2210 202 2250 autem
212 2208 320 2261 professi,
332 2221 360 2250 ne
371 2208 445 2249 nimia
456 2208 565 2255 libertate
576 2207 753 2261 vagomunsub
764 2218 819 2256 cura
830 2207 915 2249 fratris
925 2219 958 2249 re-

54 2282 133 2335 ligiosi
151 2293 191 2334 per
209 2282 328 2324 biennium
346 2283 430 2324 saltem
448 2282 594 2332 nutriantur,
615 2283 686 2339 donec
705 2280 847 2322 sufficientes
867 2281 915 2322 siut
933 2281 958 2323 in

54 2356 153 2398 scientia
166 2358 189 2397 et
202 2356 226 2396 in
240 2356 290 2397 vita
303 2358 329 2397 ut
342 2358 372 2398 ad
386 2356 467 2397 studia
479 2356 674 2398 transmittantur
685 2356 739 2395 „aas
771 2372 772 2375 ¹

52 2472 54 2475 ,
101 2430 155 2480 1111
172 2430 276 2471 ordinem
293 2430 449 2482 intraverunt,
467 2431 494 2471 ab
511 2429 553 2471 illo
571 2431 693 2480 conventu,
711 2439 785 2479 aquo
802 2430 837 2470 vel
854 2441 897 2481 pro
914 2441 957 2481 quo

53 2504 141 2556 recepti
162 2507 224 2556 sunt,
247 2505 449 2546 sustentabantur.
473 2505 510 2544 Ita
532 2515 588 2556 eg.
612 2514 666 2544 usus
688 2501 819 2553 provinciae
841 2505 957 2545 Romanae

54 2578 148 2630 statuit,
164 2581 190 2619 ut
205 2577 290 2620 novitii
305 2578 482 2630 providerentur
498 2578 525 2618 de
541 2575 644 2618 vestibus
659 2587 673 2617 a
690 2576 839 2620 conventibus
855 2578 886 2618 ad
902 2588 958 2629 quos

53 2652 216 2704 spectabant⁷⁰.
239 2653 303 2702 Quae
322 2651 433 2693 aifiliatio
453 2653 483 2692 ad
502 2651 640 2692 conventum
660 2649 734 2702 magis
754 2651 871 2704 magisque
892 2649 957 2690 stric-

53 2725 101 2767 tior
116 2725 200 2766 eiieota
214 2728 258 2779 est,
276 2727 346 2767 donec
360 2726 390 2767 ad
406 2724 630 2766 conventualismum
644 2724 786 2775 perduxerit.
803 2726 835 2766 nt
851 2724 957 2783 vergente

53 2799 146 2841 saeculo
161 2799 212 2839 XIV
227 2799 312 2840 novitii
326 2799 350 2839 in
366 2799 485 2851 aliquibus
499 2797 607 2850 partibus
623 2797 685 2839 velut
702 2810 760 2840 onus
776 2798 902 2839 conventus
919 2807 956 2848 po-

52 2874 100 2916 tins
122 2884 191 2925 quam
211 2884 263 2923 spes
284 2872 417 2923 provinciae
438 2871 473 2913 vel
493 2870 838 2922 ordinis‘considerabanturlb
861 2870 956 2913 Fratres

51 2947 138 2999 clerici,
155 2948 208 2998 post
223 2947 341 2997 peractam
356 2946 458 2987 feliciter
473 2944 604 2987 studiorum
618 2948 709 2998 partem
724 2945 769 2987 etsi
783 2956 829 2985 non
845 2942 954 2997 omnium,

49 3023 81 3068 ad
107 3019 263 3062 sacerdotium
289 3019 419 3071 promoveri
445 3018 556 3072 solebant,
584 3020 668 3062 aetatis
694 3031 756 3061 anno
772 3018 807 3059 Ἰ25
833 3018 953 3070 completo.
