2188 3178
58 64 98 104 130
386 65 433 100 Vita
450 66 470 100 et
488 66 540 100 aetio
557 67 633 101 ordinis

57 193 109 234 tula
127 193 245 245 generalia
264 196 394 245 promoveri
413 198 541 247 poterantss'³
561 199 596 238 vel
615 199 644 239 ab
663 197 721 250 ipsis
739 197 892 242 Pontificibus
911 212 963 253 gra-

57 268 117 310 tiose
133 269 234 320 promoti
250 271 332 311 sunm.
352 271 450 323 Saepius
465 274 543 312 autem
560 272 692 316 huiusmodi
708 273 815 326 magistri
830 273 856 314 in
872 275 958 318 univer·
993 304 994 307 ¹

58 343 168 384 sitatibus
187 356 233 384 non
251 347 465 395 agnoscebanturr.
486 346 652 398 Multiplicatis
671 347 862 389 universitatibus
881 360 895 389 a
914 361 962 390 sae-

56 418 109 458 0010
122 418 176 458 XIV
188 420 286 460 exeunte
300 431 341 471 per
355 410 472 471 Europam
485 421 573 461 iratres
585 422 661 463 nostri
675 421 746 463 variis
758 421 783 461 in
797 421 853 464 locis
867 422 897 463 ad
910 416 962 475 gra-

57 491 102 532 dus
121 491 285 533 ascendebant.
309 493 413 545 Speciale
433 496 510 535 autem
531 497 672 536 momentum
692 495 875 549 promotionibus
897 496 962 538 Pari-

57 565 135 618 0101101,
152 565 293 618 Coloniensi,
310 568 445 619 Tolosanaa
461 567 595 621 Oxoniensi,
612 569 959 623 1111010100οἰ,6010101111010001

56 638 81 679 in
93 639 190 680 'saeculo
206 640 245 681 XV
261 641 383 691 tribuitur,
401 641 455 682 dum
471 652 514 693 pro
530 642 715 693 promotionibus
731 643 785 686 aliis
802 655 892 685 severae
909 655 961 685 nor·
978 674 979 678 ¹
1007 696 1009 700 Ι
1055 685 1057 690 ,

56 712 262 757 maeindicantur
279 717 301 755 et
317 714 435 755 iterentur
453 717 480 755 ut
498 716 653 767 «superfluae
671 718 701 758 ad
718 717 815 770 gradum
832 716 959 769 magisterii

56 788 265 837 promovendorum
278 788 448 829 multitudini»
462 788 567 830 obvietur
580 791 604 830 et
616 789 709 831 iuvenes
723 792 753 832 ad
766 790 869 832 studium
882 802 909 832 ao
924 790 960 831 lit-

56 862 161 902 terarum
169 861 282 913 peritiam
297 861 415 903 efficacius
429 850 587 903 excitenturii.
603 863 723 916 Magistris
737 863 865 917 theologiae
878 865 906 905 ab
921 876 961 905 an-

56 948 86 977 no
102 937 157 977 1303
173 936 295 988 privilegia
311 936 422 989 specialia
438 938 649 990 concedebantur,
667 941 706 980 sed
722 940 746 980 et
761 940 791 980 ad
807 939 895 991 integre
911 940 962 980 abs-

56 1021 100 1062 que
115 1010 228 1052 absentiis
242 1011 363 1062 legendum
378 1011 589 1052 admonebantur·‘⁵⁸.
606 1011 714 1064 Magistri
729 1012 815 1053 socium
831 1024 906 1053 secum
921 1012 961 1052 ha-

57 1084 110 1125 bere
124 1085 261 1135 poterantii.
276 1085 389 1136 Magister
403 1087 457 1125 actu
471 1084 548 1136 legens
562 1085 633 1126 etiam
647 1085 758 1137 magister
772 1097 852 1139 regens
866 1086 961 1127 vocaba-

15 1166 17 1170 ‘
56 1159 103 1198 tur.
117 1158 162 1198 Pro
174 1157 262 1199 iunctis
274 1158 353 1199 schola
364 1157 449 1199 titulus
461 1158 568 1210 magistri
580 1158 698 1200 remansit.

141 1231 208 1272 Sicut
225 1242 267 1283 pro
284 1231 434 1273 studentibus
451 1222 556 1283 capitula
572 1231 745 1283 provincialia⁷⁰
762 1232 797 1273 ita
814 1244 857 1284 pro
873 1232 961 1284 proies-

55 1304 148 1345 soribus
158 1304 264 1363 capitula
275 1307 325 1345 tum
336 1304 490 1356 provincialia
501 1307 551 1346 tum
563 1305 680 1357 generalia
691 1305 861 1358 assignationes
873 1305 958 1347 aanor.

57 1379 111 1419 Ideo
127 1378 265 1430 praesertim
279 1390 322 1430 pro
337 1378 436 1419 historia
450 1378 582 1420 studiorum
597 1381 730 1420 nostrorum
746 1380 799 1420 acta
814 1378 959 1420 comitiorum

55 1451 199 1503 generalium
212 1452 300 1510 saeculi
314 1445 353 1493 XV
368 1452 445 1492 lumen
459 1449 681 1494 desideratissimum
696 1453 808 1494 afferunt,
1020 1436 1021 1439 Ἰ

112 1525 239 1577 0111010100,
257 1525 340 1577 quibus
356 1525 471 1567 rationem
487 1526 618 1566 studiorum
635 1529 658 1567 et
674 1538 722 1568 rem
738 1525 882 1567 studentium
900 1530 957 1566 tueri

55 1600 209 1652 competebat,
226 1601 293 1640 erant
308 1599 333 1639 in
348 1599 435 1640 studiis
449 1599 595 1652 parvioribus
610 1600 684 1640 lector
698 1611 725 1640 ac
741 1599 852 1651 magister
867 1600 960 1640 studen-

56 1673 124 1726 tium,
136 1673 162 1713 in
174 1672 259 1714 studiis
270 1672 396 1714 naaioribus
408 1675 486 1714 autem
498 1673 572 1713 lector
582 1673 720 1725 principalis
734 1674 893 1725 (postannum
906 1673 960 1714 1330

55 1743 128 1806 etiam
143 1758 224 1799 regens
239 1741 374 1787 nominatus
387 1747 512 1798 interdum)
530 1747 577 1787 sive
592 1747 703 1798 magister
718 1758 798 1799 regens
814 1758 865 1786 eum
881 1747 960 1787 bacca-

55 1821 136 1862 laureo
152 1822 176 1861 et
191 1819 303 1872 magistro
320 1820 491 1861 studentium⁷²,
509 1819 587 1861 Priori
603 1820 673 1861 etiam
689 1819 726 1861 ius
743 1820 857 1872 quoddam
872 1818 958 1871 inspec-

55 1894 128 1937 tionis
148 1894 293 1935 studentium
313 1894 461 1935 tribuebatur
481 1894 542 1934 sicut
562 1895 585 1934 et
605 1893 708 1944 capitulo
729 1892 903 1934 conventuali⁷³.
925 1894 960 1933 De

55 1968 169 2020 magistro
187 1968 332 2009 studentium
350 1968 494 2010 Humbertus
513 1969 584 2019 caput
602 1967 745 2019 particulare
762 1965 885 2018 0011001114.
906 1966 960 2007 1116

54 2041 200 2093 praecipitur
210 2042 301 2082 nullum
309 2042 343 2092 ad
353 2041 513 2093 magisterium
524 2032 653 2093 theologiae
664 2040 765 2081 transire
776 2051 850 2091 posse,
863 2039 902 2091 qui
913 2051 959 2080 non

55 2115 216 2168 magisterium
238 2115 383 2156 studentium
405 2126 446 2166 per
468 2126 554 2154 annum
576 2117 697 2156 exsecutus
718 2113 818 2155 fuerit⁷⁵.

206 2264 220 2322 5
237 2266 273 2308 27.
292 2265 370 2307 Studia
385 2264 548 2314 conventualia‚
563 2264 679 2317 solemnia,
694 2262 811 2322 generalia.

430 2337 474 2380 Res
488 2335 587 2379 libraria.

111 2469 243 2511 Conventus
256 2471 312 2511 bene
324 2471 439 2511 formatus
453 2469 542 2510 ordinis
555 2469 657 2509 sobolom
669 2468 751 2509 babere
764 2467 859 2518 debuit,¹
875 2466 900 2506 in
913 2477 958 2518 qua

52 2555 95 2596 per
103 2544 211 2586 lectorem
221 2544 312 2596 publice
321 2543 448 2596 legebatur.
460 2544 587 2584 Deficiente
597 2544 652 2594 apto
662 2544 753 2595 lectore,
765 2541 870 2594 privatae
880 2540 958 2582 lectio-

53 2631 95 2660 nes
108 2619 265 2670 praescriptae
279 2621 364 2660 eranr.
381 2619 477 2660 Soboias
490 2616 652 2659 conventuales
666 2615 711 2657 rite
725 2617 839 2656 formatas
852 2613 957 2666 publicas

52 2681 127 2735 fuisse
138 2705 165 2733 cx
177 2705 255 2734 earum
266 2693 454 2745 frequentatione
465 2705 491 2734 ex
503 2693 570 2744 parte
581 2693 741 2732 extraneorum
753 2695 802 2732 tum
814 2690 870 2732 cleri
882 2700 958 2729 saecu-

54 2768 122 2809 laris³
140 2771 190 2807 tum
208 2768 331 2820 regularis4
350 2769 449 2808 constat.
469 2766 527 2807 Cum
545 2766 641 2806 lectores
659 2776 753 2806 numero
772 2761 914 2804 sufficientes
932 2759 957 2801 in

32 2893 33 2898 ¹
51 2841 180 2896 provinciis
196 2843 300 2884 deessent
315 2842 475 2884 0101001101Ί
491 2841 597 2882 doctrina
611 2841 785 2892 proponeretur,
803 2837 881 2878 studia
895 2836 919 2876 in
935 2848 958 2875 a·

52 2918 156 2970 liquibus
172 2916 322 2958 conventibus
338 2916 546 2969 congregabantur.
564 2915 625 2955 Dum
641 2911 773 2954 huiusmodi
788 2908 868 2951 studia
883 2908 957 2961 pbilo-

51 2991 202 3044 sophicarum
218 2989 394 3042 disciplinarum
410 2990 486 3030 locum
502 3000 569 3040 saepe
585 2989 716 3037 mutabant,
734 2983 811 3025 studia
827 2981 956 3035 theologica
