2101 3187
446 77 504 110 Prior
521 77 648 116 provincialis
977 84 1011 123 85ἱ

97 194 140 249 bus
155 209 220 249 extra
235 208 322 250 limites
337 207 502 249 conventuales
517 207 551 248 vel
567 207 597 248 ad
609 199 717 259 'capitula
733 207 850 259 generalia
867 208 902 250 vel
914 209 948 250 ad
963 221 1002 250 cu-

99 281 157 323 riam
174 283 242 324 eundi
259 282 379 324 licentiam
397 282 439 322 aut
456 280 550 322 litteras
565 280 675 331 tribuere,
692 280 781 323 ‘iratres
798 282 895 335 insuper
912 294 939 323 cx
956 293 1003 324 uno

98 360 210 400 conventu
223 360 253 400 ad
265 358 339 399 alium
352 355 490 409 assignaress'.
504 356 631 409 Praecipue
644 355 784 408 provinciali
798 357 880 399 saltem
893 369 940 399 una
953 356 1007 398 vice

97 442 176 483 perse
191 432 227 474 vel
241 443 283 484 per
298 430 371 471 alium
386 429 506 482 provincia
521 429 639 472 visitanda
653 432 696 471 esi.
715 443 726 470 «
737 430 796 473 (ium
812 433 890 473 autem
906 431 934 473 de
949 442 1002 483 pro-

98 505 173 547 vincia
192 504 287 557 recedit,
309 505 377 546 debet
396 515 485 556 semper
504 504 633 556 relinquere
652 503 766 545 vicarium
786 505 821 546 vel
841 504 940 547 vicarios
959 516 1001 557 per

98 579 200 622 diversas
215 579 296 630 partes
310 577 451 630 provinciae,
463 579 493 619 'et
508 577 625 619 interdum
641 577 712 619 etiam
729 589 781 620 curn
797 581 907 631 praesens
923 581 958 621 est
974 578 1004 619 111

96 653 214 706 provincia
228 653 254 693 in
268 651 388 704 aliquibus
401 650 459 693 locis
473 651 547 704 magis
562 651 657 693 remotis
671 651 785 693 vicarium
801 652 836 694 vel
852 652 951 695 vicarios
965 653 1001 694 iu·

96 728 193 769 stituere
208 726 325 777 potestate
341 737 421 767 eorum
438 726 625 778 taxatasemper
640 737 681 777 per
698 725 792 768 litteras
809 728 833 767 et
849 739 957 779 expressa
968 729 998 767 »⁷.

149 800 218 841 Prior
236 798 388 850 provincialis
405 799 430 839 in
448 799 552 851 capitulo
570 799 709 853 provinciali
727 799 864 852 eligebatur.
886 802 917 841 nt
936 800 1000 841 solus

94 874 205 926 magister
218 873 308 915 ordinis
320 874 419 915 electum
432 874 568 915 confirmare
580 873 676 927 potuis.
691 873 762 915 Utin
776 874 934 926 moderatione
946 879 1005 926 pro?

94 948 183 990 vinciae
195 947 302 999 incoepto
317 947 393 989 labori
406 949 429 989 et
444 948 508 1000 operi
522 947 701 1000 prospiceretur,
717 947 869 1000 provincialis
882 948 999 990 novitates

94 1022 171 1063 nullas
188 1022 234 1063 cito
251 1021 396 1073 introducat,
415 1021 504 1063 auditis
522 1023 549 1063 de
566 1034 636 1063 causa
653 1022 756 1062 iratrum
774 1033 817 1073 pro
835 1022 946 1074 religione
964 1035 998 1063 ze-

93 1096 193 1137 lantium
208 1097 231 1136 et
246 1095 386 1138 discretione
401 1096 539 1148 pollentium
554 1095 664 1138 consiliis.
683 1095 770 1148 Oupiat
786 1107 827 1148 per
843 1096 917 1138 socios
933 1099 999 1138 ante-

91 1182 207 1211 cessorum
220 1169 308 1211 instrui
322 1172 345 1211 et
359 1169 430 1223 dirigi
443 1170 559 1212 in'oiiicio
574 1170 693 1212 humiliter
707 1173 730 1211 et
745 1171 843 1211 devote⁹¹
896 1181 898 1184 ’

147 1244 236 1287 Electio
250 1239 402 1297 provincialis
416 1257 457 1297 per
470 1245 560 1297 priores
573 1245 737 1287 conventuales
749 1245 841 1288 additis
853 1259 881 1288 ex
896 1257 999 1297 unoquo-

92 1331 134 1371 que
143 1321 261 1372 conventu
274 1318 330 1360 aliis
343 1319 433 1360 dnobus
447 1319 563 1360 iratribus
575 1319 702 1372 peragitur,
717 1331 764 1372 non
778 1319 891 1372 requisito
906 1319 998 1361 111111111-4

92 1393 114 1433 vi
132 1403 174 1443 pro
192 1392 237 1434 tali
254 1404 371 1444 processu⁴
392 1394 485 1434 Mortuo
504 1394 539 1435 vel
558 1394 633 1435 amoto
652 1392 792 1444 provinciali
810 1393 840 1445 is,
861 1393 900 1445 qui
919 1393 994 1435 locum

91 1467 140 1508 eius
156 1467 252 1520 obtinet,
269 1467 317 1508 sive
332 1466 434 1509 vicarius
449 1466 581 1519 provinciae
596 1478 637 1518 pro
652 1468 757 1519 tempore
772 1467 902 1519 capitulum
918 1467 997 1509 electi--

91 1553 144 1582 vum
156 1542 274 1593 convocat,
288 1541 360 1583 etiam
372 1541 394 1582 si
406 1541 535 1593 capitulum
548 1540 689 1592 provinciale
702 1541 750 1582 iam
763 1532 905 1582 celebratum
918 1540 992 1582 iuitffl.

91 1614 225 1656 Provinciae
240 1615 352 1656 Graeciae
367 1616 391 1656 et
406 1615 490 1655 Terrae
506 1616 599 1656 sanctae
614 1626 674 1656 anno
690 1614 812 1657 13311111
827 1614 927 1667 eligendi
942 1626 997 1666 pro-

90 1688 199 1730 vinciales
210 1677 316 1740 privatae
327 1691 390 1730 sunt.
405 1688 439 1730 Iis
450 1689 525 1741 quoad
536 1688 688 1740 provinciales
700 1700 742 1740 per
754 1687 893 1741 magistrum
905 1687 995 1729 ordinis

90 1765 113 1804 et
127 1761 284 1804 maioritatem
297 1762 447 1804 definitorum
461 1762 559 1815 capituli
573 1761 689 1814 generalis
702 1761 737 1803 vel
752 1773 794 1814 per
807 1761 945 1815 magistrum
960 1771 997 1804 so·

89 1836 137 1877 lum
149 1835 342 1888 providebatur11.

144 1909 244 1951 Duratio
261 1910 335 1969 officii
351 1909 437 1962 prioris
453 1908 603 1963 provincialis
620 1909 646 1950 in
662 1909 738 1951 medio
755 1921 811 1951 aevo
828 1908 993 1951 limitationem

89 1983 199 2035 temporis
213 1996 259 2025 non
273 1983 397 2025 admisit12.
414 1984 471 2025 Cum
485 1983 558 2036 igitur
572 1978 662 2024 evenire
676 1982 781 2035 potuerit
795 1985 886 2035 partem
900 1981 996 2034 provin--

88 2056 137 2108 ciac
153 2058 188 2099 vel
204 2057 309 2109 capitula
325 2057 459 2109 provinciae
475 2057 503 2098 de
520 2056 723 2098 administratione
740 2056 826 2113 prioris
843 2056 990 2098 satisfactam

87 2141 133 2170 non
146 2143 202 2183 esse,
217 2132 247 2172 ad
260 2131 395 2172 definitores
409 2130 508 2182 capituli
521 2129 671 2182 provincialis
684 2131 806 2181 spectabat
819 2141 925 2172 excessus
939 2141 995 2182 pro-⁴

87 2202 193 2245 vincialis
203 2205 326 2257 corrigere,
338 2204 503 2257 provincialem
514 2203 601 2256 audire,
614 2205 735 2245 emendare
746 2203 812 2255 eique
823 2203 990 2255 paenitentiam

87 2276 213 2328 iniungere.
225 2292 236 2317 1(
248 2278 273 2320 Si
282 2281 361 2320 autem
371 2279 431 2330 quod
440 2277 509 2329 absit,
520 2277 687 2329 incorrigibilis
695 2277 822 2330 exstiterit,
833 2278 909 2331 ipsum
919 2289 991 2329 usque

87 2351 117 2392 ad
129 2349 257 2401 capitulum
270 2352 378 2404 generale
390 2352 534 2403 suspendant
547 2352 575 2392 ab
589 2350 665 2392 officio
679 2351 813 2404 prioratus,
822 2351 924 2403 priorem
936 2351 989 2403 loci,

87 2424 127 2466 ubi
141 2423 269 2475 capitulum
284 2425 428 2476 provinciale
443 2425 580 2478 celebratur,
598 2425 647 2466 loco
663 2424 714 2466 eius
729 2425 995 2473 Ι1111111111111111111111-Ι

86 2510 174 2540 cessum
188 2497 236 2539 eius
259 2500 290 2538 ad
314 2500 444 2551 capitulum
468 2500 571 2540 referant
594 2499 700 2551 generale
725 2498 813 2550 scripto
838 2498 989 2556 communiter

86 2571 238 2625 sigillatori.
254 2570 290 2611 Ex
303 2582 365 2614 anno
379 2573 497 2615 12511000
511 2572 567 2614 talis
581 2571 666 2625 prioris
680 2571 841 2614 conventualis
855 2572 927 2613 alium
941 2573 994 2613 ira·

85 2647 145 2687 trem
160 2645 265 2687 idoneum
280 2644 421 2696 provinciali
436 2658 546 2698 suspenso
562 2646 703 2688 substituere
718 2645 794 2687 licuit.
813 2647 915 2699 Insuperv
927 2641 994 2687 anno

85 2721 139 2762 1283
155 2719 270 2761 definitive
287 2729 344 2766 usus
359 2719 387 2760 de
402 2719 516 2760 scrutinio
533 2732 602 2772 super
616 2720 773 2772 provincalem
790 2719 936 2761 retinendum
953 2720 988 2761 vel

84 2794 246 2835 absolvendum
263 2791 288 2832 in
305 2790 417 2842 capitulis
433 2781 616 2844 provincialibus
631 2793 765 2835 iaciendum
782 2794 925 2846 approbatus
943 2796 990 2835 est„

84 2867 150 2917 Quod
161 2866 299 2908 scrutinium
310 2866 340 2906 ad
351 2864 481 2916 capitulum
491 2868 598 2919 generale
609 2879 649 2909 seu
660 2868 692 2909 ad
703 2867 842 2920 magistrum
853 2851 990 2919 pervenire,

84 2940 199 2982 Alsolutio
214 2940 318 2993 priorum
332 2937 511 2991 provincialium
525 2941 555 2982 ad
570 2941 644 2983 solum
658 2941 789 2993 capitulum
804 2941 910 2999 generale
924 2951 990 2991 spec--

83 3017 157 3056 tabat.
181 3014 319 3068 Saepissime
339 3013 399 3054 tales
419 3012 577 3055 absolutiones
597 3014 622 3054 in
643 3014 704 3056 actis
724 3016 845 3067 notantur,
868 3013 984 3054 interdum
