2101 3187
347 63 426 96 Natura
438 62 514 96 ordinis
527 62 689 96 Praedicatorum
943 63 971 110 21

66 190 160 239 ideoque
177 188 273 229 sununis
288 190 312 229 et
328 187 519 240 profundissimis
535 199 631 239 prorsus
647 186 777 239 apostolico
794 188 862 229 modo
878 190 970 230 nectere

67 262 213 304 desiderarit.
230 261 339 305 Studium
353 263 430 303 autem
446 260 486 302 fini
501 261 590 303 ordinis
604 273 685 314 nempe
700 260 851 321 praedicandi
866 260 970 303 subordi-

5 322 6 325 Ἴ
66 338 143 382 natur.
163 337 227 385 (triae
244 334 373 377 observatio
391 346 417 376 eo
435 335 471 376 vel
489 335 567 377 minus
583 335 753 387 praetereunda
771 336 814 387 est,
834 335 889 387 quia
907 334 969 381 actio
991 370 994 376 ,

66 409 237 462 praedicatoria
251 409 275 449 in
290 410 357 450 rebus
372 408 443 461 gestis
457 408 592 461 plerumque
606 420 653 449 non
667 408 703 449 ita
717 408 787 450 facile
801 407 931 461 percipitur
946 411 970 450 et

65 483 216 534 consiguatur
229 495 256 524 ae
269 481 332 523 actio
344 483 509 535 professorum,
524 481 564 535 qui
577 482 734 523 voluminibus
747 481 797 524 suis
806 481 898 524 relictis
912 482 969 524 faci-

65 558 110 599 lius
123 555 316 609 historiographis
330 556 483 597 occurruntlf.

120 631 191 672 Aliud
206 630 305 672 medium
320 629 416 671 maximi
430 630 540 672 momenti
555 642 569 671 a
585 631 608 672 S.
626 629 748 672 Dominico
763 630 876 674 adfinem
892 630 969 683 operis

65 704 100 745 sui
118 704 284 756 assequendum
300 704 397 745 electum
414 703 438 743 in
455 705 594 756 paupertate
609 704 716 746 babetur.
735 705 803 749 Hauc
820 703 895 765 ideam
912 716 969 756 pau-

65 778 164 830 pertatis
177 789 224 818 non
237 779 265 819 ab
279 777 333 819 aliis
347 776 468 818 ordinibus
481 777 606 828 mutuavit,
621 778 661 819 sed
675 777 728 829 ipsa
741 777 822 829 potius
835 790 863 818 ex
877 790 920 819 sua
934 777 968 818 in-

65 851 168 893 tentione
183 851 325 892 reformandi
340 863 419 892 curam
435 850 566 892 animarum
581 863 623 903 per
638 851 780 904 apostolicos
796 850 969 904 dispensatores

65 925 127 967 verbi
143 925 186 966 Dei
202 928 283 976 sponte
298 925 361 966 fluit.
380 925 431 966 Nou
447 924 611 976 possessiones,
629 937 675 966 nou
691 924 789 976 reditus,
807 936 853 966 non
869 924 967 976 acquisi-

64 999 150 1040 tionem
161 998 285 1039 necessarii
296 1010 336 1050 per
347 999 448 1039 laborem
460 999 576 1051 opificum,
589 998 629 1039 sed
641 998 816 1043 mendicitatem
826 1011 841 1040 a
851 997 968 1051 principio

64 1072 144 1114 voluit..
162 1074 194 1114 lit
210 1073 309 1113 durante
324 1072 426 1125 periodo,
444 1071 469 1112 in
485 1084 530 1124 qua
546 1084 587 1123 per
603 1071 795 1114 circumstantias
811 1071 968 1121 canonisticas

64 1146 174 1197 expansio
190 1147 241 1187 tota
257 1146 326 1195 ideae
338 1145 472 1187 fundatoris
488 1146 558 1187 etiam
575 1146 651 1198 quoad
669 1144 770 1197 regimen
788 1146 967 1188 sustentationis

63 1220 236 1272 obfuscabatur,
253 1219 387 1260 Dominicus
402 1219 452 1271 ipse
467 1218 609 1260 severissime
624 1220 788 1280 paupertatem
804 1218 916 1272 defendit,
932 1219 968 1259 in-

63 1280 171 1345 culcavit,
189 1293 364 1334 commendavit.
383 1293 440 1333 (ium
457 1295 536 1334 autem
553 1293 649 1334 Tolosae
666 1292 811 1344 probabilius
828 1306 855 1334 ex
872 1291 967 1334 eleemo-

18 1413 20 1416 4
62 1366 127 1418 ‘synis
141 1367 227 1408 victum
242 1366 395 1412 sufficientem
410 1365 525 1407 fratribus
540 1367 649 1418 praebere
663 1378 710 1407 non
725 1365 837 1419 potuerit,
855 1366 967 1408 transito-

63 1441 103 1490 rie,
120 1452 148 1480 ne
162 1442 237 1481 totum
252 1452 309 1492 opus
324 1439 461 1481 differretur
476 1440 511 1482 vel
525 1438 641 1481 iacturam
656 1441 785 1492 pateretur,
802 1439 893 1482 reditus
905 1440 967 1483 acei-

63 1525 116 1565 pere
132 1513 245 1564 permisit.
264 1513 358 1554 Minime
374 1524 427 1554 vero
444 1525 458 1554 a
474 1513 595 1555 voluntate
612 1512 771 1554 mendicitatis
789 1512 922 1555 discessum

117 1588 225 1628 Formam
238 1586 386 1639 paupertatis
399 1586 554 1638 evangelicam
568 1586 666 1627 imitans
679 1586 847 1639 proprietatem
861 1586 966 1638 ipsarum

63 1662 188 1714 deirorum,
203 1672 231 1702 ex
244 1660 326 1712 quibus
339 1660 511 1712 praedicatores
524 1660 555 1701 ad
567 1659 683 1701 actionem
697 1671 763 1703 suam
776 1672 817 1712 per
830 1662 906 1702 terras
920 1661 968 1702 dis.

61 1737 188 1786 cin-rorent,
205 1734 307 1786 admisit,
324 1734 369 1775 imo
385 1735 525 1775 momentum
541 1734 602 1785 quod
617 1725 701 1776 domus
714 1734 778 1786 uelut
793 1734 907 1777 stationes
922 1746 967 1786 pro

62 1807 261 1858 praedicatoribus
277 1807 435 1849 habebant-
451 1806 472 1847 si
487 1809 607 1858 respectus
623 1809 658 1848 est
675 1808 705 1848 ad
722 1808 818 1848 Petrum
834 1807 922 1850 Valdes
937 1832 967 1838 -

61 1881 134 1921 arisit,
152 1883 180 1922 In
196 1881 245 1933 hoe,
262 1882 322 1933 quod
337 1881 504 1933 proprietatem
519 1880 639 1922 domorum
655 1880 777 1933 concessit,
795 1882 913 1933 tamquam
929 1880 967 1922 vir

62 1955 161 2003 proiciens
177 1957 200 1995 et
216 1967 292 1995 rerum
308 1956 403 2006 apertus
419 1955 537 2006 spectator
553 1955 679 2006 apparetlf.
699 1955 730 1994 Et
740 1953 802 2000 licet
818 1953 964 1995 mendicitati

61 2027 169 2068 adstricti
188 2027 354 2079 possessionem
372 2027 535 2069 rationabilem
555 2028 637 2069 domus
655 2030 679 2068 et
697 2026 807 2068 ecclesiae
825 2029 965 2069 conventua-

61 2098 90 2138 lis
106 2110 193 2141 necnon
210 2103 233 2142 et
249 2101 311 2142 horti
327 2101 455 2143 adiacentis
472 2102 508 2143 rel
524 2100 604 2142 vineae
621 2100 723 2142 modicae
740 2100 764 2140 in
782 2100 881 2152 capituli
898 2113 966 2154 gene-

61 2171 106 2210 rali
120 2183 180 2214 auno
194 2175 248 2231 1220
263 2176 349 2217 fratres
364 2174 516 2225 admiserunt.

115 2243 199 2287 iterna
213 2248 361 2300 paupertatis
374 2248 399 2288 in
410 2247 493 2289 ordine
508 2248 700 2289 Praedicatorum
715 2247 861 2300 praescripta
876 2241 964 2301 sobria,

61 2317 138 2359 tamen
150 2319 216 2359 valde
229 2333 307 2363 severa
320 2324 378 2363 erat.
393 2322 487 2363 nilirs.
503 2316 620 2362 Dominici
633 2321 701 2362 iuxta
714 2321 860 2373 pontificium
874 2321 963 2364 dictum

60 2388 106 2429 diei
118 2389 145 2428 11
156 2390 269 2434 februarii
291 2396 345 2437 1218
359 2409 369 2435 (1
381 2397 474 2437 verbum
497 2395 591 2436 Domini
614 2395 689 2447 gratis
711 2397 741 2448 et,
758 2394 858 2436 fideliter
881 2407 963 2448 propo-

60 2464 139 2503 nentes
152 2462 292 2508 intendendo
306 2469 449 2520 profectibus
463 2468 594 2509 animarum
608 2468 686 2521 ipsum
700 2468 826 2510 Dominum
839 2469 915 2511 solum
929 2481 963 2511 se-

60 2536 109 2577 cuti
124 2538 269 2586 paupertatis
286 2540 382 2583 titulum
398 2542 562 2594 praetulerunt
572 2542 613 2582 817.
631 2541 718 2583 Intime
735 2554 786 2583 eum
803 2541 861 2584 idea·
872 2543 966 2594 praedi-¹

59 2608 158 2651 cationis
173 2610 313 2659 apostolicae
328 2617 398 2666 atque
413 2615 552 2656 universalis
568 2618 618 2656 tum
634 2614 729 2657 reiectio
746 2627 815 2657 curae
830 2616 962 2657 animarum

59 2683 84 2723 in
95 2682 196 2724 ecclesiis
208 2682 261 2723 fixis
271 2687 442 2733 paroecialibus
452 2690 503 2729 tum
516 2689 619 2730 brevitas
631 2688 703 2730 officii
716 2689 809 2732 diviui1⁸
822 2690 963 2742 iunguntur.⁴

113 2757 197 2797 Forma
215 2757 275 2796 certe
292 2767 334 2806 pro
352 2759 464 2803 instituto
481 2761 669 2814 praedicatorum
687 2762 869 2813 apostolicorum
886 2773 964 2805 sacer-1

60 2831 172 2872 dotalium
188 2829 294 2883 erigendo
311 2831 334 2871 S.
352 2832 474 2876 Dominico
490 2848 518 2877 ex
534 2835 686 2888 praescriptis
702 2836 832 2888 pontificiis
847 2839 870 2878 et
886 2837 963 2878 conci-¹

59 2903 155 2947 liaribus
170 2903 225 2946 anni
239 2903 292 2944 1215
306 2903 410 2946 difficilis
425 2908 519 2950 reddita
533 2911 575 2950 est.
592 2908 645 2950 Etsi
660 2909 796 2951 Dominieus
811 2910 858 2951 iam
873 2922 900 2951 ex
914 2910 961 2961 spi

59 2978 107 3019 ritu
117 2979 157 3019 sui
172 2978 222 3020 aevi
232 2975 299 3030 operi
314 2988 355 3017 suo
367 2978 468 3020 formam
485 2982 574 3025 ordinis
590 2982 693 3035 religiosi
710 2983 765 3024 dare
780 2984 880 3025 voluisse
895 2995 962 3034 prae—
