2101 3187
453 76 523 111 Preees
543 77 634 116 privatae
955 82 995 121 109

147 203 304 246 [traditionem
322 203 456 245 huiusmodi
474 215 567 256 precum
586 205 743 258 personalium
762 208 812 247 tum
831 208 858 247 B.
879 206 995 249 Henricns

93 279 151 320 Suso
165 277 329 320 delicatissimo
342 280 365 319 et
379 278 582 320 affectuosissimis
596 278 670 320 modis
684 281 734 320 tum
750 281 772 322 S.
788 279 928 322 Vincentius
940 281 995 321 Fer-

91 363 129 392 rer
139 352 229 402 potenti
239 351 342 404 exemplo
353 350 377 391 in
389 351 437 393 suis
449 352 549 394 saeculis
559 353 693 394 ostendunt.
707 354 806 405 Insuper
818 354 955 406 quicumque
967 354 995 395 de

90 438 114 467 re
130 426 225 478 pietatis
241 426 277 468 vei
293 425 394 467 ascetica
410 425 435 466 tn
452 427 501 468 toto
519 426 593 469 medio
610 438 666 468 aevo
684 428 803 479 usquead
820 427 993 470 efficacissImos

90 499 249 553 piissimosque
263 499 427 540 reformatores
442 500 602 542 observantiae
617 501 732 554 regularis
747 501 772 541 in
788 501 832 542 fine
847 505 941 543 nostrae
955 513 996 554 pe·

90 575 150 617 riodi
161 575 312 627 scripserunt,
325 573 505 626 intelligentiam
518 586 572 616 snae
584 574 699 616 orationis
711 575 819 616 doctrina
831 577 854 617 et
865 577 928 617 facto
941 587 993 627 pro-

90 650 182 690 barunt.

144 723 181 764 Ad
195 722 238 770 has
252 732 330 773 preces
344 721 449 773 privatas
464 723 598 774 personales
612 722 667 764 illas
682 734 761 775 preces
776 723 882 775 privatas
898 735 993 764 conven-

89 797 165 839 tuales
176 794 268 836 nomine
279 795 374 847 iungere
386 795 499 848 volumus,
513 808 570 848 quae
582 797 607 837 in
620 796 761 849 specialibus
773 797 886 839 litaniisll
897 798 933 839 vel
945 798 994 841 sui.

82 870 172 923 ¹fragiis
187 868 372 911 conventualiter
388 869 490 911 dicendis
506 870 553 911 iam
568 871 593 911 tn
610 872 702 912 saeculo
719 871 778 912 XIII
795 871 856 912 sicut
872 873 896 912 et
911 874 992 923 postea

89 945 266 996 imponebantur
282 974 286 984 .

291 1093 306 1151 ξ
321 1095 357 1137 23.
374 1094 511 1137 Deuotiones
530 1103 552 1137 et
566 1095 767 1138 confraternitates.

143 1226 239 1268 humine
260 1228 329 1278 atque
349 1227 433 1268 ardore
454 1238 554 1279 superno
574 1226 683 1280 insigniti
703 1228 791 1270 fratres
812 1225 991 1284 Praedicatores

89 1300 258 1344 divinissimum
271 1302 295 1342 et
310 1300 469 1342 dulcissimum
483 1312 566 1342 nornen
581 1301 711 1343 salvatoris
725 1302 780 1342 Iesu
795 1302 937 1354 pandebant.
954 1302 993 1355 In7
1048 1353 1049 1356 Ἰ

88 1381 124 1417 ter
143 1374 260 1425 orationes
279 1376 302 1415 et
321 1374 425 1427 hymnos,
446 1386 503 1427 qnos
523 1375 546 1417 S.
568 1375 703 1417 Dominicus
722 1375 856 1417 itinerando
876 1374 991 1431 recitabat

89 1449 159 1492 etiam
178 1449 272 1501 strophe
291 1449 366 1490 «Iesu
384 1451 466 1490 nostra
485 1449 634 1501 redemptio»
654 1449 833 1491 Inveniebatur.
855 1450 882 1492 st
900 1450 927 1491 B.
948 1450 991 1491 Re·

88 1523 197 1576 ginaldus
216 1522 352 1565 «indefesso
370 1523 448 1564 cordis
465 1524 555 1564 fervore
573 1523 724 1574 praedicabat
743 1524 820 1565 Iesum
839 1523 991 1565 Ohrlstumu²

88 1599 111 1638 in
130 1598 221 1639 nomine
239 1598 292 1638 Iesu
309 1596 389 1649 utique
406 1596 452 1638 vim
469 1596 578 1638 faciebat.
588 1598 674 1649 ‘Atque
693 1597 721 1638 de
738 1597 841 1639 Henrico
859 1596 992 1650 Coloniensi

89 1672 176 1714 dictum
195 1674 243 1713 est:
267 1671 376 1712 «Nomen
395 1672 448 1712 Iesu
467 1671 590 1713 admonere
609 1672 761 1720 consueverat
780 1670 843 1713 omni
861 1670 992 1713 reverentia

88 1747 197 1799 cultuque
212 1744 386 1798 dignissimum:
405 1757 488 1787 nomen
503 1744 598 1797 inquam
613 1744 674 1798 quod
689 1747 726 1787 est
742 1756 811 1798 super
827 1756 894 1787 omne
908 1756 992 1787 nomen

88 1821 112 1862 in
125 1821 218 1862 tantum
230 1821 257 1861 ut
270 1831 341 1872 usque
353 1819 421 1860 hodie
434 1819 525 1860 cumin
538 1818 643 1860 Ecclesia
656 1820 699 1860 aut
712 1818 886 1871 praedicatione
899 1830 991 1860 sacrum

88 1895 130 1936 hoc
142 1905 225 1934 nomen
236 1892 349 1945 sonuerit,
364 1893 491 1934 multorum
503 1893 608 1935 cordium
621 1894 652 1935 ad
665 1893 767 1935 alieuius
779 1893 944 1935 exhibitionem
957 1905 992 1935 re-

89 1967 204 2009 verentiae
218 1967 340 2009 confestim
355 1968 496 2020 expergefiat
512 1966 602 2009 devotio
613 1981 633 2008 u.
651 1966 691 2010 Sic
707 1967 735 2009 de
750 1979 791 2009 suo
807 1966 881 2009 amico
897 1967 924 2008 B.
942 1967 992 2009 Ior-

88 2044 179 2095 danus,
189 2042 255 2084 cuius
264 2042 357 2083 liiterae
366 2041 476 2094 spiritum
486 2041 617 2083 salvatoris
625 2042 747 2083 redolenti.
758 2042 843 2083 Petrus
852 2041 941 2083 Sendre
949 2040 992 2082 Hi-

88 2128 175 2168 spanus
186 2119 209 2159 et
221 2118 248 2159 Β.
263 2118 375 2159 Isnardus
386 2116 508 2169 Papiensis
521 2117 551 2158 ad
562 2116 732 2159 invocationem
744 2116 845 2158 nom'mis
859 2118 913 2158 Iesu
926 2116 991 2159 Ohri-

88 2190 120 2233 sti
136 2190 299 2244 languentibus
317 2191 442 2233 sanitatem
459 2190 633 2233 restituebant⁵.
653 2191 676 2233 S.
696 2192 781 2232 Petrus
798 2191 890 2243 Martyr
906 2191 992 2232 frater-

87 2265 185 2306 nitatem
200 2277 286 2319 eorum,
302 2265 342 2318 qui
357 2278 368 2306 u
378 2265 469 2313 laudesi
479 2278 490 2305 u
506 2266 656 2318 vocabantur,
673 2276 715 2317 per
729 2276 787 2318 quos
801 2264 876 2318 gloria
890 2264 991 2307 nominis

89 2341 141 2381 Iesu
159 2339 281 2392 coleretur,
301 2339 414 2381 Instituit.
444 2338 625 2381 Potentissimns
643 2338 708 2381 verbi
735 2338 810 2381 divini
837 2338 991 2381 annuntiator

89 2415 186 2455 Ioannes
203 2412 341 2455 'Vieentinus
357 2415 440 2455 turbas
455 2414 486 2455 ad
502 2425 554 2454 eum
570 2412 712 2454 audiendum
729 2415 881 2466 congregatas
898 2411 992 2454 vocibus

89 2502 100 2529 u
110 2487 228 2528 Laudatur
237 2487 302 2528 Iesus
312 2487 421 2529 Christus
431 2502 441 2528 u
452 2487 572 2529 salutavit.
584 2489 611 2529 B.
623 2486 761 2528 Ambrosius
771 2485 899 2529 Sansedoni
909 2497 991 2528 nomen

89 2563 142 2604 Iesu
158 2559 293 2613 praedicans
309 2561 435 2603 cessionem
451 2573 466 2603 a
482 2561 540 2603 rtxts
556 2560 676 2603 Intestinis
694 2561 830 2603 senensium
846 2559 989 2613 impetravit.

88 2638 115 2678 B.
135 2634 246 2688 Aegidins
264 2634 392 2685 Lusitanus
410 2647 452 2677 sua
471 2635 619 2676 veneratione
638 2634 722 2676 eximia
742 2634 872 2677 dulcissimi
890 2633 991 2676 nominis

89 2709 218 2753 salvatoris
227 2708 342 2750 excelluit.
364 2711 396 2750 nt
415 2711 534 2751 Walterus
555 2710 583 2750 de
603 2709 762 2761 Meissenburg'
782 2711 885 2758 testante
905 2708 992 2749 Thema

89 2785 281 2836 Oantimpratano
293 2782 327 2850 gd
343 2783 510 2824 salutati0nem
527 2783 656 2836 angelicam
673 2795 750 2824 vocem
768 2784 821 2824 Iesu
838 2781 948 2824 addidit⁶.

143 2858 241 2911 Expleto
259 2855 355 2898 coneilio
373 2856 523 2908 Lugdunensi
541 2858 567 2899 II
585 2857 746 2909 GregortusX
764 2858 856 2898 modum
874 2867 898 2897 se
915 2855 939 2896 in
957 2867 991 2896 ec-

88 2932 165 2975 elesiis
175 2931 274 2974 habendi
285 2931 391 2972 devotum
401 2941 429 2970 ac
439 2930 593 2972 reverentiam
605 2930 728 2983 specialem
739 2930 829 2971 nomini
840 2931 894 2972 Iesu
905 2928 990 2980 capitis

88 3007 239 3049 inelinatione
253 3004 402 3048 exhibendam
416 3003 507 3044 voluis.
523 3005 590 3054 Quod
604 3016 651 3046 non
666 3005 740 3046 solum
755 3004 865 3057 magister
880 3004 906 3043 Β.
923 3003 990 3043 Ioan-
