2188 3178
82 84 111 124 58
429 82 522 116 ldrolutio
536 83 635 123 generalis

86 197 367 252 auctoritate'Alexandri
377 211 398 251 V
409 209 443 251 ita
454 209 530 251 valere
542 210 691 251 declarantur
702 222 729 251 ac
741 210 761 251 si
772 221 812 262 per
823 210 871 250 tria
882 211 986 263 capitula

86 284 186 326 fuissent
207 284 350 335 approbatae
370 283 418 326 sive
438 283 615 325 confirmatae³⁵.
638 286 690 326 Non
712 285 818 326 obstante
839 284 882 324 hae
903 284 988 326 unione

86 358 203 400 Ecclesiae
220 358 307 399 Pisana
323 359 380 399 ordo
396 358 421 398 in
438 356 566 399 ditionibus
583 357 738 400 Aveniouensi
755 342 778 399 et
794 360 898 399 Romana
915 358 988 399 conti-

85 433 174 474 nuavit.
194 433 290 473 Fratres
307 433 462 484 observantes,
482 429 593 483 dIscipuli
609 432 636 472 B.
655 432 787 484 Raymundi
804 434 827 473 et
844 432 871 472 B.
891 432 987 475 Ioannis

86 505 210 559 Dominici,
228 518 318 558 semper
333 507 453 548 Urbanum
470 506 512 557 VI,
530 505 677 547 Bonifatium
690 501 732 558 IX,
751 505 912 548 Innocentium
929 506 985 558 VII,

86 580 223 633 Gregorium
242 582 287 622 XII
306 582 456 633 agnoverunt,
476 578 546 620 etiam
566 581 654 621 contra
665 579 790 622 Pisanost
812 581 887 630 Quare
906 579 988 621 Obser-

86 656 167 696 vantes
185 654 324 707 carceribus,
344 654 498 702 anathemate,
518 652 692 704 expulsionibus
711 654 885 706 aitlIgebantur.
906 653 944 694 Ita
962 651 987 692 iu

88 728 176 771 ultimis
196 730 264 770 aunis
284 727 390 781 magistri
409 727 508 769 {thomae
527 722 653 786 de'Firmo
674 727 701 786 (†
719 727 782 779 1414)
803 729 865 780 apud
884 725 986 769 ordinem

86 803 278 844 Praedicatorum
298 804 424 844 sectatores
441 804 492 854 tum
511 802 589 853 Papae
607 800 706 842 Romani
725 803 775 842 tum
795 803 872 854 Papae
891 800 987 842 Avenio-

87 877 164 918 neusis
180 879 229 918 tum
245 877 310 918 illius
324 876 405 917 Pisani
420 877 610 917 numerabantur.

143 951 200 992 Grun
217 950 290 991 maior
306 962 361 1003 pars
377 952 407 991 ad
423 950 533 991 PIsanam
550 950 661 1009 ditionem
678 952 778 1005 steterit,
797 954 895 995 Ioannes
912 953 987 993 XXIII

87 1024 183 1076 specta-li
196 1025 260 1066 bulla
272 1025 368 1065 viduato
381 1024 458 1066 ordmi
471 1025 499 1065 de
507 1017 598 1066 'vicario
612 1025 714 1077 generali
727 1026 830 1077 providit
843 1027 987 1071 Leouardum

87 1098 145 1139 Dati
165 1099 295 1151 designans.
317 1098 362 1148 Qui
381 1101 404 1140 et
423 1097 546 1139 Ferrariae
565 1089 643 1139 eodem
663 1110 723 1139 anno
744 1100 854 1152 magister
875 1086 987 1152 generalis

87 1173 173 1214 electus
193 1174 255 1213 est³⁷.
277 1171 381 1213 Concilio
401 1171 575 1213 Constantiensi
594 1172 643 1223 ipse
663 1184 714 1212 cum
734 1174 821 1213 Ioanne
842 1174 868 1213 de
888 1173 987 1214 Puinoin

87 1246 199 1298 magistro
213 1245 316 1298 generali
331 1245 486 1295 avenionensi
500 1248 524 1287 et
538 1245 656 1299 Hugolino
672 1246 699 1287 de
714 1246 835 1287 Camerino
850 1246 937 1288 vicario
952 1259 988 1299 ge-

87 1321 161 1361 nerali
183 1320 362 1361 Observairtium
381 1320 467 1361 adfuit
490 1321 561 1361 Suum
583 1320 685 1361 officium
706 1320 768 1360 uniti
789 1321 879 1361 demum
900 1320 988 1361 ordinis

87 1405 158 1446 usque
172 1395 203 1435 ad
217 1394 306 1435 obitum
324 1395 350 1453 ί(
365 1394 427 1445 1425)
442 1394 520 1434 tenutt
534 1405 595 1435 auno
610 1394 666 1435 1419
679 1392 753 1446 primo
768 1393 872 1447 capitulo
887 1394 988 1446 generali

87 1468 149 1509 uniti
166 1467 257 1510 ordinis
272 1467 506 1520 Friburgihabitoit
525 1466 708 1509 Reformationis
724 1478 782 1520 opus
799 1469 869 1520 atque
886 1468 987 1515 verbum,

88 1543 148 1594 quod
165 1541 289 1583 concilium
307 1541 485 1583 Constantiense
501 1552 543 1593 pro
560 1541 665 1584 Ecclesia
682 1542 808 1594 repetebat,
827 1540 877 1594 ipse
894 1553 936 1593 pro
954 1552 989 1582 or-

88 1615 141 1656 dine
162 1628 204 1657 suo
224 1617 360 1668 usurpabat,
382 1627 428 1656 non
449 1604 540 1667 quidem
560 1615 644 1667 ubique
664 1612 853 1657 reformationem
873 1616 988 1667 Raymuu-

89 1690 182 1731 dianam
202 1689 351 1731 introducens
372 1690 411 1730 sed
430 1687 606 1741 regularitatem
627 1688 786 1730 observantiae
806 1688 890 1741 ubique
909 1689 989 1730 fovens

88 1765 111 1804 et
126 1757 248 1815 proposse
262 1774 355 1815 augens.
383 1804 387 1815 ,
411 1747 412 1751 ¹

164 1914 179 1971 ᾖ
200 1915 235 1956 12.
256 1913 360 1973 Origines
376 1924 398 1957 et
413 1928 505 1958 normae
522 1915 688 1958 reformationis
706 1916 900 1973 Raymundianae.
926 1968 927 1971 Ἴ

145 2047 209 2098 Opus
229 2046 373 2088 reformandi
394 2046 542 2099 disciplinam
563 2049 586 2088 et
608 2039 778 2099 observantiam
799 2048 896 2101 ordinis,
920 2033 987 2104 quam

89 2120 199 2171 magister
218 2120 333 2172 generalis
350 2120 416 2162 Elias
432 2121 554 2173 Raymond
571 2123 711 2174 tentaverat,
732 2122 771 2163 sed
782 2120 818 2163 'ob
836 2107 921 2164 bellum
939 2134 1004 2176 cen-g

89 2198 139 2234 tum
153 2205 266 2253 annorum
281 2196 304 2236 et
318 2194 417 2236 schisma
431 2194 613 2236 ecclesiasticum
627 2179 870 2248 perficerenequivie,
887 2197 913 2237 B.
930 2198 1001 2248 Rau,
1021 2243 1023 2247 ,
1047 2209 1052 2253 j

89 2268 188 2309 mundus
204 2280 270 2319 prece
286 2271 309 2310 et
324 2268 476 2320 promissione
491 2268 575 2310 auxilii
591 2271 615 2312 S.
633 2263 774 2311 dathariuae
791 2268 899 2313 Senensis
914 2270 989 2313 fretus
1048 2275 1060 2294 ’-

89 2341 208 2393 suscepit2.
224 2343 275 2384 Iam
289 2354 349 2384 anno
363 2343 418 2384 1387
431 2342 456 2383 iu
470 2342 551 2384 ordine
564 2343 651 2384 tratres
665 2333 787 2384 reformati
800 2345 881 2384 contra
895 2355 941 2385 non
956 2355 990 2384 re-

97 2416 210 2456 formatos
232 2415 455 2468 distinguebantur³,
479 2416 533 2457 dum
554 2416 661 2468 strtctior
682 2416 829 2457 observantia
849 2428 911 2459 anno
932 2418 987 2460 1382

89 2490 152 2540 apud
167 2489 278 2547 moniales
293 2489 392 2532 Pisanas
407 2489 514 2542 tneoepta
528 2490 624 2531 tuerat*¹
641 2478 769 2537 Visitando
782 2489 870 2532 ordinis
886 2488 940 2532 suae
956 2489 989 2531 di-

89 2555 161 2606 tionis
176 2563 309 2614 provincias
323 2574 351 2604 ex
366 2563 438 2605 Italia
453 2564 483 2605 ad
498 2563 645 2616 Hungariam
661 2563 688 2604 ut
703 2567 819 2615 praeesset
833 2547 990 2617 capitulagc

90 2637 165 2677 nerali
182 2637 285 2679 Budensi
306 2638 385 2690 (1382),
405 2639 435 2679 ad
453 2637 602 2679 Germaniam
623 2636 703 2689 (1384),
721 2638 752 2679 ad
770 2637 940 2691 LombardIam,
960 2639 990 2679 ad

90 2711 237 2752 Germaniam
253 2712 333 2764 (1387),
347 2712 378 2753 ad
391 2698 505 2764 Italiam,
520 2712 550 2753 ad
564 2710 711 2752 Germaniam
728 2711 798 2764 (1397)
813 2713 932 2764 protectus
946 2713 988 2763 est,
1023 2762 1024 2765 Ἰ
1074 2694 1089 2763 ¹,

89 2785 114 2824 in
128 2795 173 2835 qua
187 2784 268 2826 deinde
281 2796 341 2826 anno
354 2786 420 2827 isaar
432 2787 459 2827 de
472 2785 521 2827 vita
535 2783 651 2836 migravit.
667 2797 678 2824 «
689 2785 745 2837 Oum
760 2787 846 2827 dudum
860 2785 909 2847 ipse
923 2796 990 2826 suum
1046 2834 1048 2838 ι
1085 2823 1086 2826 ,

89 2858 194 2900 ordinem
209 2857 322 2912 visitaret,
338 2859 434 2911 reperiit
447 2860 510 2900 inter
524 2851 601 2900 cetera
615 2859 699 2901 multos
714 2860 800 2901 iratres
813 2858 915 2899 eiusdem
930 2857 990 2899 ordi-

89 2933 127 2974 nts
148 2931 276 2973 devotioms
296 2933 385 2974 fervore
405 2944 520 2984 accensos,
543 2931 699 2992 desiderantes
720 2932 849 2990 regularem
870 2932 990 2973 observan-

89 3008 147 3048 tiam
166 3017 208 3057 per
227 3006 319 3046 beatum
339 3006 485 3048 Dominieum
505 3007 528 3046 et
547 3004 605 3049 alios
625 3006 732 3059 antiquos
752 3006 839 3047 iratres
859 3004 989 3046 ordiuatam
