2188 3178
91 132 133 173 254
428 139 565 176 Mendicantes
582 144 661 178 ordines

91 272 140 301 rem
155 264 178 303 ct
194 263 357 314 Raymundum
373 267 400 309 de
415 268 544 310 Pennafort
554 282 587 311 ⁴en
603 274 670 324 parte
685 273 873 315 Praedicatorum
890 279 913 318 et
929 290 997 330 guar-

91 334 187 377 dianum
205 340 317 389 exparte
334 339 450 382 Minorum
468 355 479 381 c
490 344 587 395 propter
604 347 757 388 roborandam
775 350 797 388 et
815 352 996 393 conservandam

90 409 215 452 caritatem
231 413 254 452 et
270 412 385 456 unitatem
401 417 424 456 et
439 417 535 467 propter
552 420 681 472 exemplum
698 423 720 462 et
736 420 919 464 aedificationem
937 424 996 465 chri·
1040 444 1047 482 '.

90 482 221 524 stianorum
233 499 243 525 u
260 488 354 538 pactum
370 491 483 542 servatur,
500 501 544 542 quo
559 492 662 534 fratrum
674 494 798 546 ‘utriusque
813 495 902 536 ordinis
917 507 996 538 nume-

90 568 131 598 rus
143 557 271 613 iudicatur,
287 561 327 613 qui
339 574 380 614 pro
393 563 460 605 festis
475 564 498 614 S.
513 564 631 607 Dominici
644 570 668 609 ct
681 568 704 610 S.
720 567 838 609 Francisci
851 569 887 609 vel
900 581 945 621 pro-
955 580 996 621 pa-

90 631 191 675 trocinio
204 644 300 680 suarum
313 636 460 677 ecclesiarum
473 636 508 678 vel
522 649 564 690 pro
577 640 698 682 funeribus
711 636 811 682 fratrum
825 643 848 685 et
861 642 995 693 praesulum

89 706 119 746 ad
133 705 236 748 alterum
250 712 386 750 conuentum
400 710 435 750 vel
449 710 480 751 ad
493 711 632 753 comitatum
647 714 804 756 destinatur.
820 714 906 756 Mirum
921 727 995 756 exem-

89 779 154 830 plum
167 781 277 824 caritatis
289 783 374 824 fratres
386 784 564 826 Praedicatores
576 786 732 828 Carcassonae
745 787 864 840 dederunt,
880 789 934 829 dum
947 788 995 829 fra-

90 855 138 895 tres
154 854 257 897 Minores
273 858 337 907 peste
353 857 453 898 infectos
469 860 610 899 curaruut21.
630 861 659 900 Iu
676 859 782 902 doctriua·
799 861 889 912 quidem
906 860 994 913 praeci-

89 938 134 978 pue
147 940 175 969 ex
187 930 290 981 tempore
304 929 367 971 Sccti
380 929 528 973 differentiae
542 933 565 972 et
579 932 670 974 scholae
684 918 786 981 diversae
798 934 823 975 in
835 934 917 992 ordine
930 937 994 976 utro-

89 1012 132 1053 que
143 1002 258 1044 formatae
269 1005 323 1044 sunt
334 1004 357 1044 et
367 1003 393 1044 in
403 1004 495 1046 saeculo
506 1005 546 1047 XV
558 1004 718 1057 diputationes
729 1007 828 1049 acriores
840 1009 867 1049 de
880 1009 993 1049 Immacu-

88 1075 138 1117 lato
148 1076 265 1129 Oonceptu
274 1078 302 1117 B.
313 1078 343 1118 M.
354 1078 411 1130 V.²²‚
423 1079 450 1119 de
459 1078 572 1130 sanguine
582 1078 671 1120 Christi
681 1071 795 1133 mortui²³,
806 1081 833 1122 de
843 1080 993 1134 stigmatibus

89 1150 113 1192 S.
129 1149 270 1191 Oatlrarinae
285 1150 400 1203 Senensis,
415 1151 503 1192 fratres
516 1151 620 1193 Minores
633 1164 648 1193 a
660 1153 774 1195 iratribus
788 1153 993 1196 Praedicatoribus

88 1225 235 1274 separarunt.
257 1212 383 1276 Postquam
404 1225 485 1267 Sixtus
506 1226 540 1266 IV
561 1225 673 1278 stigmata
693 1227 716 1268 S.
739 1227 879 1269 Satharinae
898 1228 993 1280 pictura

87 1296 237 1348 exprimenda
252 1309 299 1338 uon
314 1298 434 1350 concessit,
452 1300 561 1341 Urbarrus
578 1301 641 1341 VIII
656 1300 681 1341 id
697 1302 777 1352 postea
793 1301 908 1344 fratribus
923 1302 992 1342 Prae-

87 1370 216 1413 dictoribus
231 1371 364 1423 permisitf‘.

142 1445 205 1486 Ordo
219 1446 246 1486 B.
262 1446 292 1486 M.
308 1446 336 1487 V,
352 1447 379 1486 de
393 1446 497 1487 Mercede
511 1458 563 1486 cum
579 1447 602 1488 S.
617 1448 688 1488 Petro
701 1447 808 1499 Nolasco,
824 1447 894 1488 etiam
908 1436 1001 1488 funda-¹

86 1521 160 1559 torem
174 1518 200 1559 iu
214 1520 351 1570 Raymundo
366 1520 393 1560 de
408 1520 538 1560 Pennafort
552 1519 600 1560 fam
615 1519 718 1562 ordinem
733 1519 923 1576 Praedicatorum
939 1531 991 1571 pro-

85 1592 148 1633 fesso
166 1595 189 1633 et
206 1593 322 1633 fautorem
340 1593 456 1633 efficacem
473 1604 549 1644 regem
568 1593 677 1634 Iacobum
696 1594 708 1634 I
726 1593 856 1645 Aragoniae
874 1592 991 1634 nancisce-

85 1667 163 1706 batur.
178 1666 240 1708 Ordo
253 1666 446 1708 Mercedariorum
459 1666 496 1708 die
508 1667 535 1707 m
544 1667 644 1719 ‘augusti
655 1667 710 1708 1223
723 1665 851 1707 Barcinone
864 1665 990 1706 institutus

85 1742 128 1780 cst.
139 1739 225 1781 Merita
235 1741 260 1798 Si
269 1740 400 1790 Raymundi
410 1740 437 1781 de
446 1739 598 1781 Mercedariis
606 1739 739 1798 consistunt
746 1739 770 1780 in
780 1738 903 1780 vestitione
914 1739 937 1781 S.
948 1739 990 1780 Pe-

83 1812 118 1863 tri
129 1812 233 1865 Nolasci,
245 1812 270 1853 in
282 1813 331 1854 eius
342 1812 491 1854 institutione
503 1815 622 1864 tamquam
634 1812 741 1869 magistri
753 1812 875 1864 generalis,
888 1812 913 1852 in
925 1811 990 1853 adla-

84 1887 206 1929 boratione
221 1899 263 1939 pro
279 1886 485 1929 constitutionibus
502 1888 526 1927 et
542 1886 675 1927 obtentione
691 1884 873 1927 confirmationis
890 1873 987 1925 ordinis.
1052 1904 1054 1906 ·

83 1960 229 2011 (buibusdam
248 1960 397 2002 Mercedariis
415 1972 454 2002 res.
471 1962 550 2012 gestas
567 1959 638 2000 aliter
656 1970 768 2011 exponere
787 1958 918 2000 volentibus
936 1968 989 1999 con·

83 2034 189 2087 gregatio
205 2034 302 2075 Rituum
318 2039 379 2075 anno
395 2035 450 2075 1681
466 2033 602 2084 declararit,
620 2033 644 2074 S,
662 2032 823 2083 Rapmundum
839 2030 988 2071 fundatorem

82 2108 172 2150 ordinis
186 2109 213 2150 de
226 2109 329 2150 Mercede
341 2107 441 2149 fuissem
561 2156 562 2159 Ἰ

138 2181 202 2222 Ordo
217 2179 339 2223 Servorum
354 2182 382 2222 Β.
399 2181 429 2222 Μ.
446 2182 484 2233 V„
501 2182 541 2234 qui
556 2194 583 2223 ex
599 2181 776 2234 congregatione
790 2184 877 2234 septem
892 2183 987 2234 patrum

81 2254 217 2297 Florentiae
226 2256 281 2296 1233
292 2254 339 2297 sive
349 2255 404 2296 1240
414 2255 527 2307 originem
539 2254 615 2308 duxit,
628 2255 652 2297 S.
665 2255 730 2296 Petri
740 2254 896 2308 patrocinium
908 2242 987 2306 erper-

82 2331 120 2370 tus
132 2330 174 2369 est.
188 2328 281 2370 Etenim
293 2328 444 2370 Innocentius
456 2329 498 2381 IV,
513 2341 524 2368 d
535 2330 563 2369 ut
574 2327 643 2369 huius
655 2326 743 2370 ordinis
755 2329 797 2369 sub
808 2327 880 2369 titulo
892 2329 919 2369 B.
933 2327 986 2369 Vtr-

82 2401 143 2453 ginis
158 2401 254 2443 exordia
268 2404 402 2453 agnosceret
418 2402 489 2442 Petro
504 2400 634 2442 Veronensi
649 2400 795 2452 Apiostolicae
812 2401 878 2442 Sedis
895 2412 937 2452 per
952 2401 986 2442 to-

82 2477 130 2516 tam
146 2476 242 2516 ItalIam
257 2475 392 2527 inquisitori
408 2473 588 2528 vigilantissimo
606 2473 748 2515 Florentiam
764 2474 901 2516 adventanti
917 2484 985 2525 nego-

81 2547 141 2590 tium
155 2549 197 2590 hoc
211 2549 273 2590 inter
287 2549 334 2595 alia
349 2548 498 2590 demandavit
509 2561 528 2588 1).
546 2547 643 2587 Domum
658 2546 842 2600 BenedictusXI
859 2546 895 2589 die
910 2547 937 2587 11
952 2547 985 2587 fe-

80 2621 171 2663 bruarIi
180 2623 235 2663 taor
245 2621 348 2662 ordinem
359 2622 483 2663 Servorum
492 2621 520 2660 B.
533 2620 564 2660 M.
576 2620 604 2660 V.
616 2620 786 2662 confirmauiat

137 2695 286 2737 Innocentius
305 2697 339 2737 IV
366 2705 455 2747 quoque
482 2692 598 2735 fratribus
615 2694 817 2738 Praedicatoribus
847 2692 984 2749 quibusdam

79 2772 106 2811 ut
124 2769 228 2820 regulam
255 2768 437 2809 Carmelitanam
463 2753 594 2808 reviderent
620 2768 741 2810 commisit.
771 2771 861 2811 «Almo
889 2768 983 2810 Domini

79 2842 229 2886 MOOXLVII
243 2842 268 2882 in
281 2843 327 2883 kal.
343 2840 445 2883 octobris
460 2840 611 2883 Innocentius
626 2843 690 2894 Papa
704 2843 855 2895 pontificatus
870 2842 907 2883 sui
921 2853 983 2885 anno

77 2920 99 2960 V
114 2915 262 2958 confirmauit
277 2916 379 2967 regulam
394 2915 497 2955 fratrum
512 2914 601 2957 ordinis
617 2915 645 2957 de
661 2915 764 2957 Carmelo
781 2915 938 2962 modificatam
954 2928 982 2958 ex

77 2989 240 3033 commissione
252 2987 352 3030 eiusdem
364 2999 405 3040 per
418 2987 440 3028 d.
454 2987 576 3040 Hugonem
588 2989 747 3040 presbyterum
760 2987 902 3030 cardinalem
915 2988 982 3031 tituli

78 3066 101 3107 S,
116 3063 217 3106 Sabinae
230 3064 253 3103 et
266 3073 306 3113 per
318 3062 347 3102 fr.
362 3060 512 3103 Guillelmum
525 3061 657 3113 episcopum
670 3062 852 3108 Anteradensem
865 3072 892 3102 ex
904 3062 981 3115 prima
