2188 3178
77 106 104 159 62
423 106 516 141 Elvolntio
530 107 628 148 generalis

78 232 165 274 saeculi
185 234 243 273 1112Β
263 233 286 275 S.
308 233 450 286 Antoninus,
472 235 572 278 Ioannes
592 236 671 289 Nider,
693 235 832 278 Franciscns
853 238 880 278 de
901 239 980 291 Retia,

78 308 177 350 Ioannes
192 307 309 360 Greutzer,
323 308 457 350 Gerhardus
471 308 498 349 de
512 310 589 363 Elten,
602 309 690 360 Petrus
702 310 777 364 Nigri,
793 311 913 354 Conradus
927 313 981 353 Kol-

77 380 119 435 lin,
131 382 216 423 Petrus
225 380 358 434 Oroeteert,
370 382 468 442 Thomas
479 382 506 424 de
516 382 568 435 Vio,
581 384 641 426 sicat
652 386 730 438 plures
741 384 847 437 magistri
857 385 981 428 Lombardi

78 457 184 507 exparte
196 454 375 497 Observantinm
387 456 531 508 prodierunt.

132 527 308 571 Praedicatores
334 541 421 582 quoqne
446 530 602 571 efficacissimi
628 533 690 584 apud
716 534 868 575 Observantes
893 532 981 574 nutrie-

77 604 171 644 bantur.
526 612 528 614 ’
663 608 665 612 ’

266 753 281 811 ξ
302 755 337 797 13.
353 753 484 813 Progressus
500 755 667 798 reformationis
682 756 797 814 regularis.

133 886 280 927 Plantandae
299 886 473 928 reformationis
492 888 519 927 Β.
540 888 691 938 Raymundus
711 888 811 940 primum
831 889 856 929 in
875 888 982 941 partibus

78 959 216 1001 Germaniae
228 962 251 1001 et
263 971 316 1001 mox
329 960 399 1002 etiam
411 961 437 1001 in
450 960 522 1002 Italia
534 963 661 1002 conventus
672 961 763 1003 invenit
775 964 893 1016 tamquam
906 966 982 1004 terras

78 1033 202 1087 propitias,
216 1034 241 1075 in
255 1033 339 1087 quibus
352 1035 405 1076 novi
419 1035 486 1087 rami,
501 1035 554 1076 novi
568 1035 639 1077 flores
654 1036 677 1076 et
691 1036 784 1077 iniretur
797 1035 859 1078 vitae
873 1040 897 1078 et
911 1037 982 1079 actio-

77 1108 114 1149 nis
133 1108 222 1151 ordinis
240 1109 432 1150 Praedicatornm
450 1109 578 1161 prodirent.
600 1110 662 1150 Dum
682 1110 710 1151 de
728 1109 846 1151 industria
864 1114 888 1152 et
907 1112 981 1153 evolu-

78 1182 142 1224 tione
157 1182 332 1224 reformationis
347 1183 461 1235 regularis
477 1183 540 1236 apud
556 1184 683 1225 Germanos
698 1183 861 1236 indagationes
877 1184 925 1226 iam
941 1196 981 1237 pn-

78 1256 152 1297 blicae
163 1255 212 1297 luci
224 1256 293 1297 datae
306 1258 378 1308 sunt,
393 1256 508 1298 Italorum
521 1259 619 1298 conatus
632 1256 678 1299 alio
692 1257 767 1309 modo,
782 1268 864 1309 nempe
876 1269 917 1310 per
931 1259 982 1300 bea-

78 1333 156 1372 torum
171 1331 258 1382 figuras
271 1330 427 1383 innotescunt,
444 1330 484 1383 qui
498 1331 576 1372 cultus
590 1330 741 1373 ecclesiastici
756 1331 931 1373 confirmatione
947 1343 982 1372 or-

77 1406 172 1445 nantur.
192 1403 282 1447 Similis
298 1405 375 1446 cultus
393 1404 575 1447 obseruantibus
593 1405 715 1446 Germanis
732 1404 861 1457 praestitus
879 1407 981 1457 tempore

77 1478 210 1520 Liitherano
225 1478 447 1532 interrumpebatur¹

83 1576 84 1579 ¹
98 1582 100 1585 v
132 1556 279 1598 Venerabilis
291 1555 413 1599 Corradus
424 1557 451 1597 de
462 1555 559 1598 Prassia
574 1557 600 1615 (†
612 1549 686 1607 11126)2
699 1568 711 1597 e
723 1557 837 1597 conventu
850 1555 981 1598 Coloniensi

77 1630 167 1682 primns
181 1630 282 1673 vicarius
297 1642 339 1682 pro
353 1630 428 1682 primo
443 1632 556 1671 conventu
571 1630 739 1683 observantiae,
756 1629 845 1671 scilicet
861 1630 981 1671 Columba-

77 1704 157 1756 riensi‚
171 1705 196 1745 in
208 1704 328 1757 proviueia
341 1704 467 1746 [teutoniae
480 1716 541 1745 anno
554 1705 608 1746 1389
621 1704 765 1746 constitutus
779 1706 831 1756 esr,
847 1703 982 1745 renuntiato

77 1779 207 1821 1111101399
223 1780 310 1820 Ioanne
325 1778 441 1820 Dominici
455 1777 544 1820 vicario
557 1789 599 1830 pro
615 1779 715 1819 secundo
731 1779 845 1819 conventu
860 1778 981 1819 observan-

78 1854 125 1895 tiae
138 1854 161 1895 S.
176 1852 293 1895 Dominici
304 1853 473 1894 Veneriorum.
488 1854 517 1893 In
529 1851 583 1893 aliis
596 1852 729 1904 regionibus
742 1852 794 1893 idea
808 1851 982 1892 reformationis

78 1926 271 1979 Raymnndianae
291 1927 382 1968 vivente
403 1927 429 1967 B.
453 1926 589 1978 Raymnndo
611 1938 657 1967 non
679 1926 779 1967 multum
800 1925 974 1966 extendebatur.

78 2002 215 2043 Tentamina
230 2002 256 2042 in
271 2001 357 2054 Anglia
373 2004 396 2042 et
411 2000 524 2043 Hibernia
540 2002 654 2053 apparent
670 1999 797 2041 nominatis
814 1998 937 2040 Guillelmo
955 1998 982 2039 de

77 2077 189 2119 Barleton
199 2077 286 2118 vicario
297 2076 360 2129 apud
370 2077 545 2128 Novocastrnm,
558 2078 581 2116 et
592 2075 689 2117 Nicolao
700 2073 741 2115 Hil
752 2073 840 2115 vicario
850 2072 876 2113 in
886 2083 981 2114 conven-

77 2155 104 2193 tu
118 2152 241 2193 Pontano⁵.
257 2150 394 2192 Provinciae
408 2150 519 2192 Graeciae
533 2149 631 2191 Thomas
646 2147 764 2190 Gaffarini
778 2146 843 2199 prior
856 2146 982 2188 institutus

77 2224 265 2266 reformationem
275 2224 363 2266 afferre
373 2223 461 2276 debuit,
472 2226 498 2265 at
507 2225 571 2276 peste
581 2223 684 2265 infectus
693 2223 748 2263 ante
759 2232 842 2262 munus
853 2221 980 2272 perfectum

77 2299 183 2340 Venetiis
196 2298 274 2352 *obiiti
291 2300 328 2340 Ad
343 2297 513 2350 praecavendas
528 2291 661 2339 decisiones
670 2293 833 2353 reformationi
848 2297 871 2335 et
886 2293 981 2336 institn-

76 2372 137 2414 tioni
149 2372 290 2414 vicariorum
302 2371 434 2414 contrarias
445 2372 471 2413 in
483 2371 587 2424 capitulo
600 2369 704 2423 generali
717 2368 904 2410 francofurtano
918 2367 955 2410 die
968 2368 981 2409 9

77 2437 160 2500 aprilis
176 2447 231 2489 1391
248 2447 342 2488 litterae
358 2446 500 2499 apostolicae
516 2443 633 2486 Bonifatii
650 2444 681 2485 IX
698 2442 847 2484 directionem
865 2455 876 2482 ‹<
887 2441 981 2483 dilecto-

77 2533 128 2562 rum
144 2520 245 2562 filiorum
261 2520 362 2562 Conradi
378 2521 406 2562 de
421 2519 518 2561 Praesta
533 2531 560 2560 ao
576 2517 672 2559 Ioannis
689 2515 805 2558 Dominici
821 2519 843 2558 et
859 2515 981 2557 nonnullo-

77 2606 129 2636 rum
149 2595 249 2636 aliornm
271 2594 372 2643 ordinis»
394 2594 496 2635 fratrum
517 2592 682 2634 confirmantes
703 2590 828 2632 servandae
849 2590 980 2631 inculcatae

77 2670 150 2709 sunu.

133 2742 254 2784 Gouradns
271 2747 409 2785 conventum
426 2745 528 2785 fratrum
547 2742 755 2785 Oolombariensem
774 2747 797 2785 et
815 2742 981 2784 monasterinm
1019 2781 1020 2784 ,

76 2816 178 2857 vicinum
192 2818 219 2858 de
234 2817 459 2859 Schdnensteinbaoli
473 2821 496 2858 et
509 2828 571 2858 anno
584 2817 639 2858 1396
653 2821 790 2859 conventum
805 2817 980 2869 Norimbergen-

77 2903 124 2933 sem
141 2891 285 2943 reformavit,
303 2891 328 2931 in
345 2891 449 2943 capitulo
466 2889 599 2943 provinciae
617 2891 743 2934 Teutoniae
760 2893 815 2934 1392
833 2890 978 2945 denuntiato,

76 2966 137 3018 quod
150 2964 231 3006 nullus
244 2964 432 3006 reformationem
446 2964 586 3017 impediret⁸.
603 2966 744 3007 Godefridus
758 2967 785 3007 de
800 2966 904 3017 Mengen,
921 2965 980 3007 vica-

75 3041 126 3083 rius
139 3038 245 3081 nationis
260 3038 356 3080 Sueriae
370 3039 458 3079 fratres
471 3050 512 3091 per
526 3038 644 3080 civitatem
660 3040 861 3082 Constantiensem
876 3040 906 3080 ad
921 3040 980 3081 acci-
