2188 3178
87 64 114 104 28
436 64 530 98 llvolutio
544 64 642 105 generalis

88 189 238 231 conventuali
249 201 320 241 usque
331 189 361 231 ad
373 190 486 233 lectiones
497 191 643 244 magistrales
654 191 679 232 in
691 190 886 233 universitatibus
897 193 933 233 vel
944 204 994 234 aca-

90 264 200 316 demitur,
221 264 281 305 sicut
300 266 323 305 et
342 276 367 304 eo
388 264 501 317 magistro
521 264 611 314 ordinis
630 267 688 308 (11116
707 265 832 308 cathedrae
852 264 994 308 Parisienses

88 335 205 380 fratrilms
220 337 432 379 committebantur.
536 381 537 385 ,

144 413 255 454 Laborem
269 411 356 453 ordinis
369 411 394 452 in
407 424 432 453 re
445 411 615 464 inquisitoriali
627 414 657 454 ad
669 413 784 455 aiiixilium
798 415 821 455 et
834 415 939 454 tutamen
953 415 994 455 Ec-

88 486 173 527 clesiae
190 488 312 537 praestans
329 486 486 527 extensionem
503 485 602 527 actionis
620 488 737 528 notandae
754 488 856 528 fratrum
874 487 994 538 Praedica-

88 562 166 600 torum
183 559 273 611 pariter
289 559 375 601 rovum.
394 560 476 608 (broad
493 559 546 600 iura
564 559 691 612 privilegiis
708 563 732 602 et
750 561 822 603 bullis
838 573 853 601 a
869 560 934 601 curia
951 561 994 601 Ro-

88 645 158 675 mana
177 633 286 685 expetitis
306 634 438 675 libertatem
458 633 547 675 ordinis
567 632 694 684 mrinivitr,
715 635 791 686 quoad
811 633 994 676 administratio-

88 719 140 748 nem
162 708 277 748 erectione
297 707 471 758 provinciarum
492 714 604 748 novarum
625 708 647 748 et
668 706 807 748 institutum
828 706 950 760 ampliavit
971 709 993 748 et

88 793 196 833 rampum
215 781 355 833 apostolicae
374 781 505 822 industriae
525 781 641 821 dilatavit.
661 782 713 822 Non
732 780 840 822 immensi
859 780 934 833 operis
953 792 994 821 nec

88 858 198 897 strenuae
211 854 370 906 occupationis
382 866 455 907 neque
467 855 578 895 itinerum
592 854 749 895 diuturnitate
761 855 853 896 fractus
862 855 994 905 ¹dulcissimi

88 929 164 981 pratris
179 940 262 970 nomen
276 940 293 985 a⁴
305 913 394 970 coaevis
410 929 561 970 merebatur²⁰
577 929 600 968 ct
615 928 702 980 posteri
718 927 840 969 devotione
855 928 994 970 reeordatio-

87 1015 139 1043 nem
150 1004 200 1043 eius
211 1002 395 1044 conversationis
405 1004 428 1044 et
439 1001 549 1043 melliflui
560 1000 645 1054 eloquii
655 1002 806 1043 1111111111121Ι
851 1039 853 1044 ,

137 1152 152 1210 ἓ
170 1153 191 1196 5.
208 1152 380 1197 Codificatioues
394 1155 580 1197 constitutionum
592 1154 727 1197 Iordaniana
741 1165 763 1197 et
779 1147 956 1212 Raymuudiana.

145 1287 168 1328 S.
189 1286 335 1327 Dominicum
354 1288 466 1338 quasdam
485 1286 645 1329 ordinationes
663 1290 686 1328 et
704 1287 793 1339 placita
811 1287 837 1328 in
856 1287 936 1340 regula
955 1298 994 1329 seu

87 1359 297 1401 constitutionibus
314 1359 351 1401 sui
368 1360 457 1401 ordinis
475 1360 627 1412 adscripsisse
645 1361 745 1402 relatum
762 1363 805 1402 est.
826 1363 889 1413 Opus
907 1363 992 1414 autem,

87 1445 131 1485 quo
146 1434 246 1474 formam
260 1434 400 1485 primaevam
416 1436 561 1475 statutorum
576 1434 665 1476 ordinis
679 1435 805 1488 exhiberet,
821 1435 913 1476 frustra¹
928 1446 994 1486 quae-

87 1507 156 1548 ritur.
175 1508 261 1555 Postea
277 1509 319 1549 sub
336 1508 363 1548 B.
382 1509 483 1549 Iordane
500 1510 549 1549 tam
566 1520 608 1559 pro
624 1508 772 1561 legislatione
789 1519 856 1559 quam
874 1520 917 1560 pro
934 1508 994 1550 codi-

88 1580 197 1621 iicatioue
209 1582 285 1633 legum
298 1581 351 1633 plus
363 1582 532 1634 praestitutum
546 1584 581 1622 est
594 1594 662 1634 quam
675 1581 765 1623 intuitu
779 1581 881 1634 simplici
894 1584 991 1633 pateret.

88 1655 182 1695 Etenim
195 1656 237 1696 sub
250 1654 300 1706 ipso
313 1654 417 1707 capitula
430 1642 557 1708 generalia,
571 1656 670 1707 quaeat
683 1667 745 1697 anno
758 1656 813 1696 1222
827 1667 899 1707 usque
911 1657 942 1697 ad
954 1667 994 1697 au-

88 1740 143 1768 num
156 1729 211 1769 1228
224 1729 339 1770 celebrata
352 1731 415 1781 sunt,
430 1730 491 1781 leges
505 1729 594 1770 ordinis
607 1730 704 1770 condere
717 1729 784 1780 plene
797 1730 821 1770 et
833 1730 935 1781 perfecte
949 1728 994 1770 sin-

87 1802 143 1854 gula
156 1802 296 1843 valueruut1.

144 1877 192 1917 Sub
207 1875 319 1927 magistro
333 1877 434 1926 Iordane
450 1876 552 1917 evolutio
567 1877 633 1918 valde
647 1877 750 1929 prudens
764 1876 826 1921 sicut
841 1878 864 1917 et
879 1876 994 1918 democra-

86 1949 135 1991 tira
151 1950 214 1990 circa
231 1950 350 1991 faciendas
366 1950 549 1992 constitutiones
564 1962 605 2003 per
621 1950 681 1991 viam
698 1949 863 2002 inchoationis,
882 1934 994 2001 approba-

87 2023 160 2065 tionis
172 2026 196 2065 et
208 2025 302 2065 tandem
315 2024 499 2065 confirmationis
513 2023 680 2065 introducitur
694 2027 717 2066 et
730 2023 888 2078 capitulorum
902 2034 994 2074 genera-

87 2097 230 2138 lissimorum
248 2098 284 2139 ius
303 2100 326 2139 et
344 2098 479 2139 celebratiof
498 2097 640 2139 instituitur.
661 2097 765 2150 Denique
785 2095 891 2138 collectio
910 2096 994 2137 consti-

87 2171 206 2212 tutionum
220 2171 309 2213 ordinis
324 2171 439 2223 specialis,
455 2171 522 2214 cultis
536 2173 617 2213 textus
629 2171 654 2212 in
668 2171 746 2213 codice
760 2169 905 2211 Ruthenensi
919 2169 993 2211 adhuc

87 2247 173 2297 exstat,
195 2256 278 2286 nomen
298 2245 394 2286 Iordani
414 2256 521 2298 expresse
542 2244 621 2297 ponit:
646 2246 717 2292 ((1111
736 2245 794 2285 sunt
815 2241 994 2285 constitutiones

87 2318 161 2369 prime
181 2318 270 2361 ordinis
290 2320 391 2360 fratrum
410 2318 592 2371 predicatorum,
614 2330 656 2371 que
676 2319 744 2359 eraut
763 2319 867 2368 tempore
887 2316 994 2370 magistri
1034 2332 1036 2334 ’

88 2392 200 2434 Jordanis
216 2382 279 2434 beati
294 2392 411 2435 Dominici
425 2392 560 2434 immediate
576 2391 722 2443 successoris,
739 2402 768 2432 ex
784 2390 867 2442 quibus
883 2390 993 2433 formavit

87 2468 111 2506 et
122 2465 241 2507 ordinavit
253 2466 432 2508 constitutiones
444 2466 513 2518 alias,
526 2477 570 2518 que
582 2476 644 2506 nuuc
655 2465 777 2512 habentur,
791 2464 866 2505 frater
877 2466 993 2516 ,1111111111-

89 2522 133 2581 dus
150 2539 177 2580 de
194 2550 270 2591 penna
287 2540 345 2581 forti
362 2540 473 2592 magister
491 2538 581 2581 ordinis
599 2538 724 2579 1111111114.
744 2538 781 2579 Ad
799 2550 856 2590 quae
874 2538 944 2579 verba
962 2548 994 2578 se-

88 2613 169 2665 quitur
180 2613 255 2654 brevis
265 2614 370 2655 narratio
381 2615 408 2671 de
419 2613 524 2665 capitulo
535 2611 708 2665 generalissimo
720 2611 848 2665 1111111228,
861 2613 915 2664 post
926 2622 994 2662 quam

87 2688 124 2728 bic
136 2686 223 2729 titulus
234 2687 320 2729 codicis
330 2687 487 2740 legislationis
498 2685 608 2738 ponitur:
625 2684 743 2736 Incipiunt
755 2684 935 2727 consuetudines
947 2684 993 2724 fra-

88 2763 151 2802 trum
164 2760 343 2811 predicatorum¹
357 2762 408 2802 Vox
420 2758 616 2802 consuetudinum
628 2759 690 2811 apud
702 2759 826 2812 religiones
839 2756 992 2809 canonicales,

87 2845 187 2887 quarum
205 2845 266 2873 unus
282 2845 360 2874 ramus
378 2834 427 2885 ipse
445 2833 502 2874 ordo
520 2833 623 2872 fratrum
640 2833 831 2875 Praedicatcrum
850 2829 992 2882 agnoscitur,

87 2910 117 2951 ad
134 2908 290 2959 designandas
306 2908 367 2959 leges
382 2906 497 2958 regularis
514 2905 576 2947 vitae
592 2905 634 2947 illa
649 2909 725 2950 aetate
742 2906 836 2958 saepius
853 2903 949 2945 occurit.
969 2903 994 2945 Si

86 2995 105 3024 e.
122 2966 144 3035 gss
162 2980 269 3032 caricnici
284 2981 402 3032 regulares
417 2981 580 3021 lfarbacenses
594 2982 617 3021 et
632 2980 737 3024 canonici
752 2979 871 3031 regulares
888 2978 915 3018 de
931 2978 994 3018 Mou-
