2101 3187
409 32 501 119 1111111111
515 39 617 80 generales
630 39 707 80 inuste

133 237 135 240 ’
192 239 207 297 ᾖ
227 240 262 284 14.
280 240 300 284 Α
315 240 420 300 magistro
440 239 521 283 Texier
537 240 565 283 ad
580 249 675 284 mortem
690 242 790 299 magistri
808 209 930 286 Auribelli

156 448 192 489 Ad
204 459 269 501 quem
282 446 409 489 vicariatus
423 446 512 489 ordinis
524 448 634 489 defuncto
647 447 758 501 magistro
771 448 890 490 Leonardo
904 449 961 491 Dati
975 450 1002 491 de

98 520 149 563 iure
158 523 281 573 spectaret,
292 533 338 562 non
347 523 420 574 patet.
431 522 549 563 Martinus
557 523 578 563 V
588 521 665 563 ordini
675 521 825 575 prospiciens,
837 521 949 564 vicarium
959 534 1002 564 sua

98 595 240 637 alletoritate
251 594 358 636 instituit
368 595 478 637 Thomam
489 596 516 636 de
527 596 612 649 Regno,
626 595 665 648 qui
676 597 727 638 erat
738 596 870 638 moderator
881 596 1002 638 observan-

99 668 158 710 tium
167 669 269 709 fratrum
278 668 370 710 Italiae.
382 669 449 711 Sicut
457 668 504 710 iam
513 669 538 710 in
547 669 658 711 electione
668 669 788 711 1111111401
797 669 832 712 ita
842 682 903 711 nuno
913 670 1002 722 pariter

98 754 207 784 numerus
219 731 353 795 eligentium
364 742 520 794 incompletus
529 754 570 795 per
581 742 726 796 pontificiam
737 743 906 785 concessionem
918 745 1001 785 auctus

97 818 150 857 ese.
171 816 304 869 Assignatis
323 816 423 858 comitiis
443 816 589 869 generalibus
607 816 726 858 Bononiae
745 828 806 858 anno
825 817 880 858 1426
898 816 923 857 in
943 817 1001 858 duas

98 892 177 941 partes
193 890 303 932 electores
319 889 434 942 abierunt,
451 890 505 932 istis
521 890 630 932 Thomam
647 891 675 932 de
691 892 777 944 Regno,
795 890 843 933 illis
860 874 1001 932 liudericum

97 962 292 1005 vallisoletanum
316 963 453 1015 volentibus.
480 965 515 1005 Ex
538 965 648 1006 mandato
672 964 798 1006 electorum
822 964 1001 1005 constitutione-

97 1037 155 1078 lium
173 1037 213 1078 ille
231 1038 341 1089 magister
359 1038 448 1079 ordinis
466 1038 596 1098 haberetur,
618 1026 683 1090 quem
703 1038 727 1078 hi
746 1038 832 1081 iratres
851 1038 930 1090 magni
948 1050 1000 1079 con-

96 1111 199 1153 corditer
216 1111 381 1164 designarenff.
399 1112 445 1162 (beri
461 1112 653 1154 Bartholomaeus
669 1109 753 1154 'Terier
769 1101 824 1164 fuit,
842 1112 909 1154 cuius
926 1124 1000 1153 mores

97 1184 201 1238 religiosi
216 1188 239 1227 et
254 1185 317 1227 zelus
332 1185 483 1238 praedicandi
498 1187 521 1227 et
537 1185 626 1228 ordinis
640 1186 801 1227 innotuerant,
819 1186 929 1237 Tempore
946 1198 1001 1227 suae

96 1259 233 1308 elevationis
247 1261 277 1301 ad
290 1259 450 1312 magisterium
463 1260 569 1311 generale
583 1258 774 1301 Praedicatorum
788 1259 838 1311 ipse
852 1259 999 1301 Provinciam

97 1332 252 1384 praedicando
271 1332 469 1386 circumcursant,
489 1335 513 1374 et
531 1332 621 1385 quidem
640 1345 691 1374 cum
710 1334 742 1374 ob
757 1332 883 1375 sanitatem
902 1333 1000 1375 debilem

96 1405 165 1459 pedes
176 1406 211 1447 ire
222 1407 335 1460 nequiret,
349 1407 415 1448 asino
426 1406 538 1458 insidens,
551 1418 597 1448 non
610 1418 675 1459 equo,
688 1406 775 1448 itinera
788 1419 830 1448 sua
842 1407 947 1460 perfecit.
963 1407 1000 1447 Li-

94 1483 132 1540 cet
143 1492 190 1521 non
201 1481 228 1521 de
240 1480 419 1522 Observantium
430 1480 532 1522 factione
544 1480 664 1533 processit,
678 1480 702 1520 in
715 1480 826 1533 regimine
838 1480 915 1522 omnia
928 1481 997 1533 lente,

95 1555 229 1606 prudenter,
239 1554 335 1596 fortiter
344 1566 370 1596 eo
379 1554 473 1607 direxit,
483 1557 511 1596 ut
520 1554 689 1596 observantiam
699 1554 817 1596 stabiliret
826 1557 849 1596 et
860 1557 997 1596 roboraret³.

96 1629 125 1669 In
140 1630 254 1670 conventu
269 1627 400 1670 studiorum
415 1628 557 1670 Bononiensi
572 1628 639 1670 cuius
654 1630 795 1670 momentum
810 1628 836 1669 in
852 1629 949 1676 saeculo
959 1629 999 1669 XV

94 1702 171 1745 maius
183 1704 234 1743 erat
248 1714 316 1755 quam
328 1704 405 1756 antea,
420 1702 521 1755 priorem
535 1702 693 1744 conradinum
707 1702 867 1743 Brixineneem
882 1692 909 1744 de
923 1704 999 1744 obser-

95 1776 175 1818 vantia
188 1776 311 1818 instituit⁴.
326 1777 380 1818 Mox
392 1776 418 1817 in
431 1776 579 1818 Germaniam
592 1775 732 1818 visitaturus
745 1769 940 1828 proficiscensibi
953 1776 998 1824 col-

68 1846 75 1861 '
95 1850 222 1891 laborando
238 1862 290 1891 cum
307 1850 445 1902 provinciali
462 1849 558 1891 Nicolao
575 1849 645 1890 Note]
663 1860 817 1902 quaecumque
834 1850 938 1902 proficua
955 1861 1000 1901 pro

94 1924 242 1966 observantia
258 1923 366 1976 probavit
383 1924 419 1965 vel
436 1923 585 1964 introcunte
605 1912 736 1964 Visitando'
748 1922 845 1975 gallicas
863 1924 886 1963 et
904 1922 998 1963 italicas

94 2000 174 2049 partes
192 2000 261 2050 atque
280 1997 364 2039 iterum
383 1997 528 2050 germanicas
545 1996 630 2049 ubique
648 1996 777 2048 exemplum
796 1996 858 2037 vitae
876 1990 998 2037 iactus'et

92 2082 174 2112 curam
190 2071 287 2124 ordinis,
305 2070 350 2113 etsi
365 2071 391 2128 in
408 2070 582 2123 quaestionibus
598 2069 763 2112 conciliaribus
779 2071 914 2122 occupatus,
932 2081 998 2111 num-

93 2155 162 2195 quam
177 2144 297 2187 dimittens
311 2144 449 2186 necessitate
462 2132 574 2195 temporis
588 2146 612 2186 et
625 2144 727 2185 fratrum
741 2142 872 2195 indigentia
886 2142 997 2184 constric-

92 2218 132 2258 tus
143 2229 158 2258 1
169 2218 272 2260 Martino
284 2220 305 2261 V
317 2218 469 2271 impetranti,
484 2231 494 2258 o
506 2220 533 2259 ut
545 2219 622 2269 posset
634 2229 686 2258 eum
699 2208 849 2258 conventibus
863 2216 997 2269 dispensare

92 2300 162 2341 super
175 2291 304 2333 retentione
315 2292 485 2345 possessionum
497 2294 520 2333 et
533 2290 650 2332 redituum
663 2290 792 2343 annalium,
805 2302 833 2332 ex
846 2282 890 2342 quo
903 2280 997 2332 eleemo-

91 2374 163 2414 synae
179 2363 317 2407 deficiebant
327 2380 346 2407 1.
363 2367 409 2408 Res
424 2367 508 2407 notatu
524 2365 595 2418 digna
609 2367 691 2417 utpote
707 2365 736 2406 ab
752 2364 877 2416 exemplari
894 2364 943 2405 uiro
960 2375 997 2415 pe-

93 2436 146 2478 tita.
163 2436 248 2493 Utique
263 2440 368 2492 tempora
383 2452 423 2481 seu
439 2439 516 2492 potius
532 2437 677 2480 conditiones
692 2437 828 2490 acquirendi
843 2436 996 2479 necessariam

91 2510 287 2551 sustentationem
307 2512 332 2552 in
353 2513 444 2554 saeculo
465 2513 504 2554 XV
524 2512 573 2554 alia
592 2515 660 2553 erant
680 2514 749 2564 atque
770 2511 795 2569 in
816 2513 907 2553 saeculo
929 2512 994 2551 XIII.

93 2584 182 2640 Ultimo
198 2582 260 2624 ritae
276 2585 380 2645 tempore
397 2586 422 2627 in
440 2587 518 2629 Gallia
535 2597 655 2628 remanens
673 2578 760 2638 magno
774 2577 996 2637 comitatu'nugdu-

92 2645 198 2719 nensium
211 2647 322 2708 magister
335 2647 484 2702 Temeritati
499 2647 605 2713 sepultus
618 2662 661 2701 est.
677 2672 689 2699 o
699 2659 792 2701 Olaruit
806 2661 884 2710 autem
898 2658 997 2699 miracu-

92 2731 162 2793 111111
176 2730 224 2772 vita
238 2730 327 2782 pariter
342 2732 404 2772 etin
419 2736 493 2774 morte
504 2747 514 2774 u
531 2735 613 2775 narrat
629 2734 656 2775 de
670 2723 703 2775 eo
712 2724 834 2786 Taegius.¹
908 2726 909 2731 ’

143 2791 286 2867 ,Μ1ςὶεῐ1ι1111
301 2804 383 2868 Texier
397 2807 515 2849 fautorem
530 2796 644 2861 regularis
661 2796 789 2852 vitae'tres'
802 2811 865 2853 Galli
880 2811 905 2851 in
922 2812 996 2852 mode-

28 2930 30 2933 4
93 2881 167 2921 rardo
182 2878 262 2921 ordine
277 2877 351 2919 secuti
367 2881 429 2929 sunt,
446 2892 543 2932 quorum
560 2883 643 2925 saltem
659 2885 704 2925 duo
721 2884 799 2925 intimi
815 2873 995 2926 ccillabcratores

90 2953 143 2995 eius
158 2954 270 2994 fuerant⁸.
