2000 3066
334 1107 465 1149 mucroni
481 1081 661 1148 nnnnvouo'r

98 1326 265 1378 Compendium
284 1338 324 1367 seu
343 1326 450 1369 manuale
468 1325 579 1367 historiae
599 1325 696 1367 ordinis·
707 1326 810 1367 fratrum
828 1326 951 1367 Praedica-

41 1403 120 1442 torum
133 1399 159 1441 in
172 1400 233 1442 votis
247 1399 351 1452 plurium
364 1400 411 1441 iam
425 1399 465 1440 diu
479 1402 537 1441 erat.
553 1401 585 1440 Et
599 1400 692 1451 quidem
707 1399 819 1452 dignitas,
835 1410 880 1455 qua
894 1400 951 1441 ordo

13 1506 15 1511 .
38 1474 82 1515 iste
91 1474 117 1514 in
126 1473 170 1514 Dei
180 1472 284 1514 Ecclesia
293 1473 415 1525 plantatus
425 1472 483 1514 vixit
492 1474 515 1515 et
524 1472 627 1522 virescit,
638 1472 838 1542 consignationem
847 1473 950 1523 calatium

41 1547 156 1593 maiorum
176 1547 226 1588 eius
245 1546 358 1588 historiae
377 1546 496 1599 postulare
515 1546 616 1588 videtur.
637 1547 685 1588 Nec
704 1546 740 1588 rei
758 1548 853 1589 nostrae
873 1559 951 1588 amore

41 1632 200 1673 excaecamur,
217 1621 272 1662 dum
287 1619 426 1673 dignitatem
441 1619 531 1662 ordinis
544 1620 622 1661 nostri
637 1619 713 1672 primo
729 1620 779 1662 loco
794 1621 950 1672 nominamus,

41 1696 102 1735 teste
112 1694 174 1747 enim
183 1695 252 1735 cho
262 1682 385 1737 Edmundo
395 1695 500 1735 Martene
510 1682 595 1736 O.S.B.
605 1706 610 1734 t
626 1709 636 1734 s
648 1695 724 1736 'lanta
735 1697 771 1735 est
782 1693 871 1736 ordinis
881 1696 952 1736 Prae·

42 1766 174 1809 dicatorum
193 1767 348 1820 praestantia,
368 1769 436 1809 tanta
454 1769 510 1809 sunt
528 1767 579 1811 eius
597 1767 622 1808 in
641 1767 762 1809 ecclesiam
782 1769 838 1822 hene
857 1768 951 1815 merita,

42 1843 69 1882 ut
84 1852 240 1894 quaecumque
254 1842 331 1894 ipsum
346 1844 454 1894 tangunt,
470 1842 506 1883 vel
521 1841 619 1883 minima
633 1842 785 1894 antiquitatis
801 1844 952 1883 monumenta

41 1914 172 1966 praeterire
183 1915 216 1956 sit
228 1915 295 1958 nobis
307 1914 390 1968 religio
399 1929 411 1956 r>
427 1916 512 1968 (Ampl.
527 1916 580 1957 coll.
595 1917 630 1957 VI
643 1916 701 1968 331).
714 1940 743 1946 -
756 1929 768 1956 ‹<
779 1916 824 1958 Res
837 1918 872 1957 est
886 1927 952 1968 prae-

41 1988 106 2029 terea
125 1991 149 2029 et
167 1988 275 2030 immensi
294 1988 377 2041 operis,
398 1991 424 2030 ut
443 2001 501 2041 quae
520 2000 592 2042 supra
611 1988 843 2042 septingentesimum
862 2001 952 2032 aunem

41 2063 163 2112 repetatur
174 2076 193 2103 a.
206 2062 252 2104 His
262 2062 339 2112 verbis
348 2063 396 2104 riti
407 2063 458 2105 Livi
468 2074 480 2104 e
490 2063 637 2115 praefatione
648 2065 679 2104 ad
691 2075 786 2105 suarum
798 2063 952 2104 historiarum

42 2133 114 2176 libros
128 2136 245 2177 mutuatis
258 2136 307 2178 alia
320 2136 382 2178 ratio
396 2137 506 2189 affertur,
521 2149 580 2190 quae
595 2148 673 2178 rerum
687 2139 716 2178 ab
732 2137 813 2179 ordine
828 2137 953 2179 Praedica-

42 2208 119 2248 torum
139 2213 258 2261 gestarum
277 2211 442 2254 annotationes
461 2211 616 2253 conficiendas
635 2211 714 2253 reddit
733 2213 849 2265 acceptas,
870 2223 954 2263 nempe

42 2281 132 2321 ordinis
152 2284 285 2336 antiquitas
304 2286 441 2326 veneranda.
463 2309 491 2315 —
511 2285 590 2327 Instat
612 2285 704 2326 demum
724 2286 796 2327 tertio
817 2286 867 2329 loeo
888 2285 953 2326 ratio

42 2355 195 2395 concurrendi
208 2356 233 2397 in
247 2369 328 2410 campo
341 2358 450 2400 colendae
463 2359 582 2400 historiae.
598 2359 723 2401 Possident
737 2358 780 2401 alii
793 2343 886 2401 ordines
900 2360 953 2410 plu-

41 2439 79 2469 res
92 2429 229 2479 compendia
243 2443 299 2474 suae
312 2433 432 2484 historiae,
448 2434 571 2485 praecipue
585 2434 673 2475 iratres
687 2433 789 2475 Minores
804 2433 951 2485 praeclarum

42 2501 150 2565 manuale
167 2501 280 2545 historiae
297 2505 387 2547 ordinis
402 2508 497 2548 auctore
512 2518 535 2559 p.
554 2507 680 2549 Heriberto
698 2507 821 2559 Holzapiel
839 2506 952 2559 composi-

42 2578 100 2617 tum.
117 2575 194 2624 Quare
209 2587 306 2626 prorsus
321 2580 393 2631 decet,
411 2583 437 2621 ut
452 2580 508 2622 ordo
523 2580 717 2622 Praedicatorum
732 2593 769 2622 res
785 2592 840 2623 suas
855 2592 901 2622 non
917 2586 952 2639 te-

42 2652 152 2701 gumerio
170 2647 293 2693 oblivionis
310 2653 445 2706 abscondat,
463 2655 503 2695 sed
519 2654 575 2695 illas
592 2654 696 2705 aspicere
712 2654 848 2697 volentibus
863 2656 952 2696 etima-

42 2711 103 2764 xime
117 2722 167 2764 suis
180 2722 291 2774 protessis
306 2724 365 2776 ipsis
380 2730 502 2779 proponat.

79 2786 80 2789 ’
101 2797 149 2838 Hae
166 2796 246 2848 utique
262 2796 365 2841 rationes
382 2812 424 2852 pro
440 2801 519 2854 aliqua
536 2802 681 2854 expositione
698 2802 782 2843 saltem
799 2802 861 2843 brevi
878 2801 952 2842 histo·
966 2838 969 2844 .

42 2870 91 2912 riae
101 2857 195 2912 ordinis
207 2871 309 2911 fratrum
323 2872 514 2934 Praedicatorum
528 2875 656 2917 efficaciter
670 2875 783 2917 militant.
800 2878 832 2916 At
845 2886 907 2916 nunc
922 2876 950 2916 de
