<?xml version="1.0" encoding="UTF-8"?>
<!DOCTYPE html PUBLIC "-//W3C//DTD XHTML 1.0 Transitional//EN"
    "http://www.w3.org/TR/xhtml1/DTD/xhtml1-transitional.dtd">
<html xmlns="http://www.w3.org/1999/xhtml" xml:lang="en" lang="en">
 <head>
  <title>
</title>
<meta http-equiv="Content-Type" content="text/html;charset=utf-8" />
  <meta name='ocr-system' content='tesseract 3.04.00' />
  <meta name='ocr-capabilities' content='ocr_page ocr_carea ocr_par ocr_line ocrx_word'/>
</head>
<body>
  <div class='ocr_page' id='page_1' title='image "MN5081ucmf_3_0054.png"; bbox 0 0 2101 3187; ppageno 0'>
   <div class='ocr_carea' id='block_1_1' title="bbox 320 53 983 115">
    <p class='ocr_par' dir='ltr' id='par_1_1' title="bbox 320 53 983 115">
     <span class='ocr_line' id='line_1_1' title="bbox 320 53 983 115; baseline -0.014 -7"><span class='ocrx_word' id='word_1_1' title='bbox 320 53 322 57; x_wconf 23' lang='grc' dir='ltr'>Ι</span> <span class='ocrx_word' id='word_1_2' title='bbox 341 74 450 115; x_wconf 69' lang='lat' dir='ltr'>damnatio</span> <span class='ocrx_word' id='word_1_3' title='bbox 463 72 538 107; x_wconf 75' lang='lat' dir='ltr'>ordinis</span> <span class='ocrx_word' id='word_1_4' title='bbox 552 71 589 106; x_wconf 90' lang='lat' dir='ltr'>snb</span> <span class='ocrx_word' id='word_1_5' title='bbox 602 73 625 104; x_wconf 82' lang='lat' dir='ltr'>B.</span> <span class='ocrx_word' id='word_1_6' title='bbox 640 71 725 104; x_wconf 78' lang='lat' dir='ltr'>lordono</span> <span class='ocrx_word' id='word_1_7' title='bbox 957 70 983 109; x_wconf 75' lang='lat'>27</span> 
     </span>
    </p>
   </div>
   <div class='ocr_carea' id='block_1_2' title="bbox 70 193 1026 1362">
    <p class='ocr_par' dir='ltr' id='par_1_2' title="bbox 70 193 1026 1362">
     <span class='ocr_line' id='line_1_2' title="bbox 71 193 983 252; baseline -0.007 -10"><span class='ocrx_word' id='word_1_8' title='bbox 71 213 140 243; x_wconf 66' lang='lat' dir='ltr'>,mero</span> <span class='ocrx_word' id='word_1_9' title='bbox 158 201 184 242; x_wconf 79' lang='lat' dir='ltr'>bd</span> <span class='ocrx_word' id='word_1_10' title='bbox 200 202 230 242; x_wconf 88' lang='lat' dir='ltr'>ad</span> <span class='ocrx_word' id='word_1_11' title='bbox 247 199 404 252; x_wconf 71' lang='lat' dir='ltr'>particulares</span> <span class='ocrx_word' id='word_1_12' title='bbox 420 208 530 249; x_wconf 74' lang='lat' dir='ltr'>personas</span> <span class='ocrx_word' id='word_1_13' title='bbox 547 198 570 236; x_wconf 84' lang='lat' dir='ltr'>et</span> <span class='ocrx_word' id='word_1_14' title='bbox 588 198 666 237; x_wconf 88' lang='lat' dir='ltr'>coetus</span> <span class='ocrx_word' id='word_1_15' title='bbox 684 193 786 235; x_wconf 72' lang='lat' dir='ltr'>directae</span> <span class='ocrx_word' id='word_1_16' title='bbox 804 194 831 235; x_wconf 88' lang='lat' dir='ltr'>dc</span> <span class='ocrx_word' id='word_1_17' title='bbox 848 195 916 236; x_wconf 90' lang='lat' dir='ltr'>modo</span> <span class='ocrx_word' id='word_1_18' title='bbox 934 196 983 236; x_wconf 88' lang='lat' dir='ltr'>Ior-</span> 
     </span>
     <span class='ocr_line' id='line_1_3' title="bbox 80 270 883 323; baseline -0.01 -7"><span class='ocrx_word' id='word_1_19' title='bbox 80 275 134 316; x_wconf 88' lang='lat' dir='ltr'>dani</span> <span class='ocrx_word' id='word_1_20' title='bbox 149 275 238 316; x_wconf 89' lang='lat' dir='ltr'>animos</span> <span class='ocrx_word' id='word_1_21' title='bbox 253 274 284 315; x_wconf 91' lang='lat' dir='ltr'>ad</span> <span class='ocrx_word' id='word_1_22' title='bbox 299 272 420 314; x_wconf 88' lang='lat' dir='ltr'>servitium</span> <span class='ocrx_word' id='word_1_23' title='bbox 436 270 569 323; x_wconf 80' lang='lat' dir='ltr'>religiosum</span> <span class='ocrx_word' id='word_1_24' title='bbox 585 270 732 311; x_wconf 73' lang='lat' dir='ltr'>confortante</span> <span class='ocrx_word' id='word_1_25' title='bbox 746 270 883 310; x_wconf 66' lang='lat' dir='ltr'>testantur:</span> 
     </span>
     <span class='ocr_line' id='line_1_4' title="bbox 133 342 982 400; baseline -0.008 -11"><span class='ocrx_word' id='word_1_26' title='bbox 133 347 328 400; x_wconf 75' lang='lat' dir='ltr'>Propag&#39;ationem</span> <span class='ocrx_word' id='word_1_27' title='bbox 345 344 436 387; x_wconf 87' lang='lat' dir='ltr'>ordinis</span> <span class='ocrx_word' id='word_1_28' title='bbox 450 344 583 386; x_wconf 79' lang='lat' dir='ltr'>felicissime</span> <span class='ocrx_word' id='word_1_29' title='bbox 598 344 647 396; x_wconf 87' lang='lat' dir='ltr'>ipsc</span> <span class='ocrx_word' id='word_1_30' title='bbox 663 343 771 395; x_wconf 88' lang='lat' dir='ltr'>suscepit.</span> <span class='ocrx_word' id='word_1_31' title='bbox 791 343 841 383; x_wconf 81' lang='grc'>((111</span> <span class='ocrx_word' id='word_1_32' title='bbox 858 342 982 394; x_wconf 90' lang='lat' dir='ltr'>promotio-</span> 
     </span>
     <span class='ocr_line' id='line_1_5' title="bbox 79 404 983 469; baseline -0.007 -7"><span class='ocrx_word' id='word_1_33' title='bbox 79 419 107 464; x_wconf 86' lang='lat' dir='ltr'>ne</span> <span class='ocrx_word' id='word_1_34' title='bbox 121 422 210 463; x_wconf 80' lang='lat' dir='ltr'>ordinis</span> <span class='ocrx_word' id='word_1_35' title='bbox 223 421 285 462; x_wconf 88' lang='lat' dir='ltr'>sicut</span> <span class='ocrx_word' id='word_1_36' title='bbox 299 421 329 461; x_wconf 91' lang='lat' dir='ltr'>ad</span> <span class='ocrx_word' id='word_1_37' title='bbox 343 418 509 461; x_wconf 72' lang='lat' dir='ltr'>attractionem</span> <span class='ocrx_word' id='word_1_38' title='bbox 524 404 663 459; x_wconf 72' lang='lat' dir='ltr'>scholarium</span> <span class='ocrx_word' id='word_1_39' title='bbox 677 428 746 469; x_wconf 90' lang='lat' dir='ltr'>super</span> <span class='ocrx_word' id='word_1_40' title='bbox 761 428 839 458; x_wconf 89' lang='lat' dir='ltr'>omnes</span> <span class='ocrx_word' id='word_1_41' title='bbox 854 418 905 457; x_wconf 88' lang='lat' dir='ltr'>erat</span> <span class='ocrx_word' id='word_1_42' title='bbox 920 415 983 457; x_wconf 88' lang='lat' dir='ltr'>solli-</span> 
     </span>
     <span class='ocr_line' id='line_1_6' title="bbox 77 489 981 550; baseline -0.009 -12"><span class='ocrx_word' id='word_1_43' title='bbox 77 500 145 550; x_wconf 83' lang='lat' dir='ltr'>citus,</span> <span class='ocrx_word' id='word_1_44' title='bbox 164 497 198 537; x_wconf 91' lang='lat' dir='ltr'>ita</span> <span class='ocrx_word' id='word_1_45' title='bbox 216 496 247 536; x_wconf 89' lang='grc'>11</span> <span class='ocrx_word' id='word_1_46' title='bbox 265 492 463 536; x_wconf 87' lang='lat' dir='ltr'>conservationem</span> <span class='ocrx_word' id='word_1_47' title='bbox 481 494 625 543; x_wconf 89' lang='lat' dir='ltr'>receptorum</span> <span class='ocrx_word' id='word_1_48' title='bbox 643 502 712 542; x_wconf 87' lang='lat' dir='ltr'>super</span> <span class='ocrx_word' id='word_1_49' title='bbox 730 502 808 531; x_wconf 89' lang='lat' dir='ltr'>omnes</span> <span class='ocrx_word' id='word_1_50' title='bbox 827 492 878 531; x_wconf 88' lang='lat' dir='ltr'>erat</span> <span class='ocrx_word' id='word_1_51' title='bbox 897 489 981 530; x_wconf 86' lang='lat' dir='ltr'>discre-</span> 
     </span>
     <span class='ocr_line' id='line_1_7' title="bbox 70 563 996 621; baseline -0.011 -9"><span class='ocrx_word' id='word_1_52' title='bbox 70 573 116 612; x_wconf 87' lang='lat' dir='ltr'>tus</span> <span class='ocrx_word' id='word_1_53' title='bbox 127 573 156 611; x_wconf 78' lang='lat' dir='ltr'>u⁷.</span> <span class='ocrx_word' id='word_1_54' title='bbox 175 568 267 621; x_wconf 76' lang='lat' dir='ltr'>Spiritu</span> <span class='ocrx_word' id='word_1_55' title='bbox 283 567 357 609; x_wconf 87' lang='lat' dir='ltr'>alacri</span> <span class='ocrx_word' id='word_1_56' title='bbox 372 569 396 608; x_wconf 88' lang='lat' dir='ltr'>et</span> <span class='ocrx_word' id='word_1_57' title='bbox 411 568 479 608; x_wconf 90' lang='lat' dir='ltr'>acuto</span> <span class='ocrx_word' id='word_1_58' title='bbox 495 567 602 618; x_wconf 89' lang='lat' dir='ltr'>donatus,</span> <span class='ocrx_word' id='word_1_59' title='bbox 620 565 645 605; x_wconf 88' lang='lat' dir='ltr'>in</span> <span class='ocrx_word' id='word_1_60' title='bbox 660 564 804 606; x_wconf 81' lang='lat' dir='ltr'>convictione</span> <span class='ocrx_word' id='word_1_61' title='bbox 821 564 848 605; x_wconf 90' lang='lat' dir='ltr'>de</span> <span class='ocrx_word' id='word_1_62' title='bbox 864 563 996 616; x_wconf 46' lang='lat' dir='ltr'>mysteriis¹</span> 
     </span>
     <span class='ocr_line' id='line_1_8' title="bbox 77 643 981 697; baseline -0.001 -11"><span class='ocrx_word' id='word_1_63' title='bbox 77 645 150 687; x_wconf 86' lang='lat' dir='ltr'>sacris</span> <span class='ocrx_word' id='word_1_64' title='bbox 164 644 290 697; x_wconf 81' lang='lat' dir='ltr'>protunda,</span> <span class='ocrx_word' id='word_1_65' title='bbox 306 644 331 685; x_wconf 90' lang='lat' dir='ltr'>in</span> <span class='ocrx_word' id='word_1_66' title='bbox 347 644 453 685; x_wconf 88' lang='lat' dir='ltr'>bonitate</span> <span class='ocrx_word' id='word_1_67' title='bbox 468 644 660 686; x_wconf 85' lang='lat' dir='ltr'>communicativa</span> <span class='ocrx_word' id='word_1_68' title='bbox 676 644 805 695; x_wconf 89' lang='lat' dir='ltr'>abundans,</span> <span class='ocrx_word' id='word_1_69' title='bbox 822 643 847 684; x_wconf 92' lang='lat' dir='ltr'>in</span> <span class='ocrx_word' id='word_1_70' title='bbox 864 656 888 686; x_wconf 86' lang='lat' dir='ltr'>se</span> <span class='ocrx_word' id='word_1_71' title='bbox 904 646 981 685; x_wconf 87' lang='lat' dir='ltr'>auste-</span> 
     </span>
     <span class='ocr_line' id='line_1_9' title="bbox 77 702 1026 772; baseline -0.002 -12"><span class='ocrx_word' id='word_1_72' title='bbox 77 732 125 772; x_wconf 90' lang='lat' dir='ltr'>rus,</span> <span class='ocrx_word' id='word_1_73' title='bbox 138 720 163 760; x_wconf 93' lang='grc'>111</span> <span class='ocrx_word' id='word_1_74' title='bbox 176 719 235 760; x_wconf 90' lang='lat' dir='ltr'>alios</span> <span class='ocrx_word' id='word_1_75' title='bbox 248 719 355 761; x_wconf 79' lang='lat' dir='ltr'>affabilis</span> <span class='ocrx_word' id='word_1_76' title='bbox 367 722 390 760; x_wconf 87' lang='grc'>11·</span> <span class='ocrx_word' id='word_1_77' title='bbox 403 719 515 772; x_wconf 80' lang='lat' dir='ltr'>benignus</span> <span class='ocrx_word' id='word_1_78' title='bbox 529 719 568 760; x_wconf 90' lang='lat' dir='ltr'>sed</span> <span class='ocrx_word' id='word_1_79' title='bbox 581 731 626 760; x_wconf 88' lang='lat' dir='ltr'>non</span> <span class='ocrx_word' id='word_1_80' title='bbox 640 718 722 760; x_wconf 86' lang='lat' dir='ltr'>debilis</span> <span class='ocrx_word' id='word_1_81' title='bbox 735 718 784 771; x_wconf 86' lang='lat' dir='ltr'>ipse</span> <span class='ocrx_word' id='word_1_82' title='bbox 798 730 849 759; x_wconf 90' lang='lat' dir='ltr'>vere</span> <span class='ocrx_word' id='word_1_83' title='bbox 862 718 981 770; x_wconf 83' lang='lat' dir='ltr'>praedica·</span> <span class='ocrx_word' id='word_1_84' title='bbox 1025 702 1026 708; x_wconf 27' lang='lat'>¹</span> 
     </span>
     <span class='ocr_line' id='line_1_10' title="bbox 70 792 981 845; baseline -0.001 -11"><span class='ocrx_word' id='word_1_85' title='bbox 70 796 113 834; x_wconf 89' lang='lat' dir='ltr'>-tor</span> <span class='ocrx_word' id='word_1_86' title='bbox 128 793 267 845; x_wconf 78' lang='lat' dir='ltr'>exeniplaris</span> <span class='ocrx_word' id='word_1_87' title='bbox 281 793 376 834; x_wconf 88' lang='lat' dir='ltr'>habitus</span> <span class='ocrx_word' id='word_1_88' title='bbox 390 795 426 834; x_wconf 89' lang='lat' dir='ltr'>est</span> <span class='ocrx_word' id='word_1_89' title='bbox 441 805 455 834; x_wconf 87' lang='lat' dir='ltr'>a</span> <span class='ocrx_word' id='word_1_90' title='bbox 470 792 518 836; x_wconf 89' lang='lat' dir='ltr'>suis</span> <span class='ocrx_word' id='word_1_91' title='bbox 533 793 622 835; x_wconf 86' lang='lat' dir='ltr'>coaevis</span> <span class='ocrx_word' id='word_1_92' title='bbox 638 793 704 834; x_wconf 92' lang='lat' dir='ltr'>valde</span> <span class='ocrx_word' id='word_1_93' title='bbox 719 793 860 833; x_wconf 45' lang='lat' dir='ltr'>veneratus&amp;</span> <span class='ocrx_word' id='word_1_94' title='bbox 879 792 937 832; x_wconf 79' lang='lat' dir='ltr'>Eum</span> <span class='ocrx_word' id='word_1_95' title='bbox 954 794 981 833; x_wconf 90' lang='lat' dir='ltr'>ut</span> 
     </span>
     <span class='ocr_line' id='line_1_11' title="bbox 77 865 979 919; baseline -0.002 -11"><span class='ocrx_word' id='word_1_96' title='bbox 77 866 176 908; x_wconf 88' lang='lat' dir='ltr'>alterum</span> <span class='ocrx_word' id='word_1_97' title='bbox 190 866 337 908; x_wconf 91' lang='lat' dir='ltr'>Dominicum</span> <span class='ocrx_word' id='word_1_98' title='bbox 350 868 443 908; x_wconf 89' lang='lat' dir='ltr'>servata</span> <span class='ocrx_word' id='word_1_99' title='bbox 456 866 632 919; x_wconf 67' lang='lat' dir='ltr'>personalitatis</span> <span class='ocrx_word' id='word_1_100' title='bbox 645 865 780 908; x_wconf 87' lang='lat' dir='ltr'>diversitate</span> <span class='ocrx_word' id='word_1_101' title='bbox 793 865 979 907; x_wconf 86' lang='lat' dir='ltr'>admirabantur.</span> 
     </span>
     <span class='ocr_line' id='line_1_12' title="bbox 76 931 980 993; baseline -0.003 -12"><span class='ocrx_word' id='word_1_102' title='bbox 76 941 263 993; x_wconf 86' lang='lat' dir='ltr'>Resplendcbant</span> <span class='ocrx_word' id='word_1_103' title='bbox 279 941 305 981; x_wconf 98' lang='grc'>111</span> <span class='ocrx_word' id='word_1_104' title='bbox 323 942 425 982; x_wconf 82' lang='lat' dir='ltr'>Iordane</span> <span class='ocrx_word' id='word_1_105' title='bbox 442 940 541 982; x_wconf 83' lang='lat' dir='ltr'>virtutes</span> <span class='ocrx_word' id='word_1_106' title='bbox 560 939 682 982; x_wconf 87' lang='lat' dir='ltr'>Dominici.</span> <span class='ocrx_word' id='word_1_107' title='bbox 703 931 736 981; x_wconf 73' lang='grc'>111</span> <span class='ocrx_word' id='word_1_108' title='bbox 755 938 902 981; x_wconf 89' lang='lat' dir='ltr'>Dominicum</span> <span class='ocrx_word' id='word_1_109' title='bbox 921 950 980 980; x_wconf 90' lang='lat' dir='ltr'>mor-</span> 
     </span>
     <span class='ocr_line' id='line_1_13' title="bbox 76 1013 980 1067; baseline -0.002 -12"><span class='ocrx_word' id='word_1_110' title='bbox 76 1017 141 1055; x_wconf 89' lang='lat' dir='ltr'>tuum</span> <span class='ocrx_word' id='word_1_111' title='bbox 160 1014 183 1055; x_wconf 93' lang='lat' dir='ltr'>vi</span> <span class='ocrx_word' id='word_1_112' title='bbox 201 1016 225 1056; x_wconf 91' lang='lat' dir='ltr'>et</span> <span class='ocrx_word' id='word_1_113' title='bbox 244 1016 312 1056; x_wconf 88' lang='lat' dir='ltr'>verbo</span> <span class='ocrx_word' id='word_1_114' title='bbox 332 1014 434 1067; x_wconf 79' lang='lat' dir='ltr'>sublimi,</span> <span class='ocrx_word' id='word_1_115' title='bbox 454 1014 528 1055; x_wconf 75' lang='lat' dir='ltr'>curuo</span> <span class='ocrx_word' id='word_1_116' title='bbox 548 1017 571 1055; x_wconf 88' lang='lat' dir='ltr'>ct</span> <span class='ocrx_word' id='word_1_117' title='bbox 590 1013 735 1055; x_wconf 88' lang='lat' dir='ltr'>invocatione</span> <span class='ocrx_word' id='word_1_118' title='bbox 754 1013 937 1065; x_wconf 81' lang='lat' dir='ltr'>prosequebatur</span> <span class='ocrx_word' id='word_1_119' title='bbox 956 1014 980 1054; x_wconf 90' lang='lat' dir='ltr'>et</span> 
     </span>
     <span class='ocr_line' id='line_1_14' title="bbox 76 1086 980 1147; baseline -0.001 -19"><span class='ocrx_word' id='word_1_120' title='bbox 76 1089 190 1130; x_wconf 86' lang='lat' dir='ltr'>mentibus</span> <span class='ocrx_word' id='word_1_121' title='bbox 210 1090 357 1140; x_wconf 83' lang='lat' dir='ltr'>repetebat¹⁰.</span> <span class='ocrx_word' id='word_1_122' title='bbox 380 1102 390 1127; x_wconf 77' lang='lat' dir='ltr'>u</span> <span class='ocrx_word' id='word_1_123' title='bbox 401 1088 469 1129; x_wconf 82' lang='lat' dir='ltr'>Oirca</span> <span class='ocrx_word' id='word_1_124' title='bbox 487 1089 581 1147; x_wconf 69' lang='lat' dir='ltr'>verbum</span> <span class='ocrx_word' id='word_1_125' title='bbox 601 1087 644 1129; x_wconf 91' lang='lat' dir='ltr'>Dei</span> <span class='ocrx_word' id='word_1_126' title='bbox 663 1089 686 1129; x_wconf 89' lang='lat' dir='ltr'>et</span> <span class='ocrx_word' id='word_1_127' title='bbox 706 1086 857 1139; x_wconf 84' lang='lat' dir='ltr'>praedicandi</span> <span class='ocrx_word' id='word_1_128' title='bbox 877 1086 980 1127; x_wconf 81' lang='lat' dir='ltr'>officium</span> 
     </span>
     <span class='ocr_line' id='line_1_15' title="bbox 76 1159 979 1214; baseline -0.004 -10"><span class='ocrx_word' id='word_1_129' title='bbox 76 1161 152 1204; x_wconf 87' lang='lat' dir='ltr'>dictus</span> <span class='ocrx_word' id='word_1_130' title='bbox 167 1165 235 1214; x_wconf 89' lang='lat' dir='ltr'>pater</span> <span class='ocrx_word' id='word_1_131' title='bbox 250 1162 297 1203; x_wconf 84' lang='lat' dir='ltr'>tuit</span> <span class='ocrx_word' id='word_1_132' title='bbox 313 1163 370 1203; x_wconf 84' lang='grc'>1111</span> <span class='ocrx_word' id='word_1_133' title='bbox 386 1162 503 1214; x_wconf 82' lang='lat' dir='ltr'>gratiosus</span> <span class='ocrx_word' id='word_1_134' title='bbox 515 1164 543 1214; x_wconf 82' lang='lat' dir='ltr'>ct</span> <span class='ocrx_word' id='word_1_135' title='bbox 557 1162 647 1203; x_wconf 75' lang='lat' dir='ltr'>fervens</span> <span class='ocrx_word' id='word_1_136' title='bbox 663 1163 690 1202; x_wconf 92' lang='lat' dir='ltr'>ut</span> <span class='ocrx_word' id='word_1_137' title='bbox 705 1160 744 1202; x_wconf 87' lang='lat' dir='ltr'>vix</span> <span class='ocrx_word' id='word_1_138' title='bbox 760 1160 781 1201; x_wconf 91' lang='lat' dir='ltr'>ei</span> <span class='ocrx_word' id='word_1_139' title='bbox 797 1159 880 1203; x_wconf 86' lang='lat' dir='ltr'>similis</span> <span class='ocrx_word' id='word_1_140' title='bbox 898 1160 929 1201; x_wconf 87' lang='lat' dir='ltr'>sit</span> <span class='ocrx_word' id='word_1_141' title='bbox 945 1159 979 1200; x_wconf 90' lang='grc'>111-</span> 
     </span>
     <span class='ocr_line' id='line_1_16' title="bbox 75 1234 979 1287; baseline -0.006 -8"><span class='ocrx_word' id='word_1_142' title='bbox 75 1239 164 1279; x_wconf 80' lang='lat' dir='ltr'>ventus.</span> <span class='ocrx_word' id='word_1_143' title='bbox 182 1237 285 1278; x_wconf 86' lang='lat' dir='ltr'>Dederat</span> <span class='ocrx_word' id='word_1_144' title='bbox 301 1236 362 1277; x_wconf 89' lang='lat' dir='ltr'>enim</span> <span class='ocrx_word' id='word_1_145' title='bbox 379 1236 400 1277; x_wconf 90' lang='lat' dir='ltr'>ei</span> <span class='ocrx_word' id='word_1_146' title='bbox 417 1235 530 1277; x_wconf 79' lang='lat' dir='ltr'>Dominus</span> <span class='ocrx_word' id='word_1_147' title='bbox 546 1236 667 1287; x_wconf 88' lang='lat' dir='ltr'>quamdam</span> <span class='ocrx_word' id='word_1_148' title='bbox 684 1234 870 1287; x_wconf 78' lang='lat' dir='ltr'>praerogativam</span> <span class='ocrx_word' id='word_1_149' title='bbox 888 1236 911 1275; x_wconf 91' lang='lat' dir='ltr'>et</span> <span class='ocrx_word' id='word_1_150' title='bbox 924 1246 979 1286; x_wconf 22' lang='lat' dir='ltr'>,gra-</span> 
     </span>
     <span class='ocr_line' id='line_1_17' title="bbox 75 1302 977 1362; baseline -0.003 -11"><span class='ocrx_word' id='word_1_151' title='bbox 75 1302 132 1352; x_wconf 79' lang='lat' dir='ltr'>tiam</span> <span class='ocrx_word' id='word_1_152' title='bbox 146 1310 269 1362; x_wconf 89' lang='lat' dir='ltr'>specialem</span> <span class='ocrx_word' id='word_1_153' title='bbox 282 1322 329 1351; x_wconf 89' lang='lat' dir='ltr'>non</span> <span class='ocrx_word' id='word_1_154' title='bbox 343 1311 418 1351; x_wconf 90' lang='lat' dir='ltr'>solum</span> <span class='ocrx_word' id='word_1_155' title='bbox 432 1310 457 1350; x_wconf 91' lang='lat' dir='ltr'>in</span> <span class='ocrx_word' id='word_1_156' title='bbox 470 1309 624 1361; x_wconf 85' lang='lat' dir='ltr'>praedicando</span> <span class='ocrx_word' id='word_1_157' title='bbox 640 1309 679 1350; x_wconf 87' lang='lat' dir='ltr'>sed</span> <span class='ocrx_word' id='word_1_158' title='bbox 693 1308 764 1349; x_wconf 87' lang='lat' dir='ltr'>etiam</span> <span class='ocrx_word' id='word_1_159' title='bbox 779 1307 804 1348; x_wconf 88' lang='lat' dir='ltr'>in</span> <span class='ocrx_word' id='word_1_160' title='bbox 818 1308 977 1360; x_wconf 90' lang='lat' dir='ltr'>colloquendo.</span> 
     </span>
    </p>
   </div>
   <div class='ocr_carea' id='block_1_3' title="bbox 11 1377 979 1439">
    <p class='ocr_par' dir='ltr' id='par_1_3' title="bbox 11 1377 979 1439">
     <span class='ocr_line' id='line_1_18' title="bbox 11 1377 979 1439; baseline 0.002 -11"><span class='ocrx_word' id='word_1_161' title='bbox 11 1377 12 1380; x_wconf 26' lang='lat'>¹</span> <span class='ocrx_word' id='word_1_162' title='bbox 76 1386 141 1428; x_wconf 84' lang='lat' dir='ltr'>Unde</span> <span class='ocrx_word' id='word_1_163' title='bbox 150 1397 229 1428; x_wconf 89' lang='lat' dir='ltr'>omnes</span> <span class='ocrx_word' id='word_1_164' title='bbox 237 1385 287 1429; x_wconf 90' lang='lat' dir='ltr'>eius</span> <span class='ocrx_word' id='word_1_165' title='bbox 297 1386 388 1439; x_wconf 88' lang='lat' dir='ltr'>eloquia</span> <span class='ocrx_word' id='word_1_166' title='bbox 399 1386 550 1428; x_wconf 70' lang='lat' dir='ltr'>sitiebantuss.</span> <span class='ocrx_word' id='word_1_167' title='bbox 562 1388 645 1429; x_wconf 70' lang='lat' dir='ltr'>Coram</span> <span class='ocrx_word' id='word_1_168' title='bbox 655 1387 848 1430; x_wconf 84' lang='lat' dir='ltr'>universitatibus</span> <span class='ocrx_word' id='word_1_169' title='bbox 859 1391 883 1429; x_wconf 89' lang='lat' dir='ltr'>et</span> <span class='ocrx_word' id='word_1_170' title='bbox 893 1388 979 1430; x_wconf 88' lang='lat' dir='ltr'>scholis</span> 
     </span>
    </p>
   </div>
   <div class='ocr_carea' id='block_1_4' title="bbox 66 1459 979 2104">
    <p class='ocr_par' dir='ltr' id='par_1_4' title="bbox 66 1459 979 2104">
     <span class='ocr_line' id='line_1_19' title="bbox 69 1459 979 1514; baseline 0.001 -13"><span class='ocrx_word' id='word_1_171' title='bbox 69 1459 233 1512; x_wconf 87' lang='lat' dir='ltr'>superioribus</span> <span class='ocrx_word' id='word_1_172' title='bbox 244 1461 360 1502; x_wconf 89' lang='lat' dir='ltr'>Iordanus</span> <span class='ocrx_word' id='word_1_173' title='bbox 371 1460 495 1512; x_wconf 87' lang='lat' dir='ltr'>praecipue</span> <span class='ocrx_word' id='word_1_174' title='bbox 506 1462 620 1503; x_wconf 87' lang='lat' dir='ltr'>actionem</span> <span class='ocrx_word' id='word_1_175' title='bbox 632 1473 696 1503; x_wconf 90' lang='lat' dir='ltr'>suam</span> <span class='ocrx_word' id='word_1_176' title='bbox 708 1461 904 1514; x_wconf 87' lang='lat' dir='ltr'>praedicatoriam</span> <span class='ocrx_word' id='word_1_177' title='bbox 916 1474 979 1504; x_wconf 85' lang='lat' dir='ltr'>exer-</span> 
     </span>
     <span class='ocr_line' id='line_1_20' title="bbox 74 1534 979 1587; baseline 0.004 -13"><span class='ocrx_word' id='word_1_178' title='bbox 74 1535 147 1575; x_wconf 87' lang='lat' dir='ltr'>cebat.</span> <span class='ocrx_word' id='word_1_179' title='bbox 165 1534 197 1575; x_wconf 82' lang='lat' dir='ltr'>m</span> <span class='ocrx_word' id='word_1_180' title='bbox 212 1545 259 1575; x_wconf 90' lang='lat' dir='ltr'>non</span> <span class='ocrx_word' id='word_1_181' title='bbox 275 1535 350 1576; x_wconf 90' lang='lat' dir='ltr'>solum</span> <span class='ocrx_word' id='word_1_182' title='bbox 366 1535 450 1576; x_wconf 86' lang='lat' dir='ltr'>ardore</span> <span class='ocrx_word' id='word_1_183' title='bbox 466 1534 529 1576; x_wconf 87' lang='lat' dir='ltr'>verbi</span> <span class='ocrx_word' id='word_1_184' title='bbox 545 1536 579 1576; x_wconf 84' lang='lat' dir='ltr'>vei</span> <span class='ocrx_word' id='word_1_185' title='bbox 596 1535 699 1587; x_wconf 79' lang='lat' dir='ltr'>exemplo</span> <span class='ocrx_word' id='word_1_186' title='bbox 715 1547 771 1576; x_wconf 90' lang='lat' dir='ltr'>suae</span> <span class='ocrx_word' id='word_1_187' title='bbox 787 1535 884 1576; x_wconf 78' lang='lat' dir='ltr'>virtutis</span> <span class='ocrx_word' id='word_1_188' title='bbox 899 1536 979 1587; x_wconf 86' lang='lat' dir='ltr'>plures</span> 
     </span>
     <span class='ocr_line' id='line_1_21' title="bbox 69 1607 976 1666; baseline 0.001 -18"><span class='ocrx_word' id='word_1_189' title='bbox 69 1619 101 1648; x_wconf 82' lang='lat' dir='ltr'>ex</span> <span class='ocrx_word' id='word_1_190' title='bbox 121 1607 171 1649; x_wconf 87' lang='lat' dir='ltr'>eius</span> <span class='ocrx_word' id='word_1_191' title='bbox 189 1607 339 1650; x_wconf 87' lang='lat' dir='ltr'>auditoribus</span> <span class='ocrx_word' id='word_1_192' title='bbox 358 1607 455 1649; x_wconf 83' lang='lat' dir='ltr'>fuerunt</span> <span class='ocrx_word' id='word_1_193' title='bbox 474 1609 504 1649; x_wconf 90' lang='lat' dir='ltr'>ad</span> <span class='ocrx_word' id='word_1_194' title='bbox 524 1608 658 1666; x_wconf 79' lang='lat' dir='ltr'>religionem</span> <span class='ocrx_word' id='word_1_195' title='bbox 679 1608 850 1650; x_wconf 87' lang='lat' dir='ltr'>dominicanam</span> <span class='ocrx_word' id='word_1_196' title='bbox 870 1609 976 1663; x_wconf 80' lang='lat' dir='ltr'>attracti,</span> 
     </span>
     <span class='ocr_line' id='line_1_22' title="bbox 74 1680 977 1742; baseline 0.001 -20"><span class='ocrx_word' id='word_1_197' title='bbox 74 1683 113 1723; x_wconf 87' lang='lat' dir='ltr'>sed</span> <span class='ocrx_word' id='word_1_198' title='bbox 129 1680 199 1722; x_wconf 88' lang='lat' dir='ltr'>etiam</span> <span class='ocrx_word' id='word_1_199' title='bbox 215 1693 257 1734; x_wconf 88' lang='lat' dir='ltr'>per</span> <span class='ocrx_word' id='word_1_200' title='bbox 272 1693 387 1723; x_wconf 89' lang='lat' dir='ltr'>sermones</span> <span class='ocrx_word' id='word_1_201' title='bbox 404 1681 454 1723; x_wconf 89' lang='lat' dir='ltr'>eius</span> <span class='ocrx_word' id='word_1_202' title='bbox 469 1682 523 1723; x_wconf 89' lang='lat' dir='ltr'>huic</span> <span class='ocrx_word' id='word_1_203' title='bbox 539 1682 581 1722; x_wconf 89' lang='lat' dir='ltr'>fini</span> <span class='ocrx_word' id='word_1_204' title='bbox 596 1683 765 1742; x_wconf 84' lang='lat' dir='ltr'>accomodatas,</span> <span class='ocrx_word' id='word_1_205' title='bbox 782 1681 875 1726; x_wconf 89' lang='lat' dir='ltr'>iuvenes</span> <span class='ocrx_word' id='word_1_206' title='bbox 892 1686 916 1724; x_wconf 87' lang='lat' dir='ltr'>et</span> <span class='ocrx_word' id='word_1_207' title='bbox 933 1683 977 1723; x_wconf 87' lang='lat' dir='ltr'>viri</span> 
     </span>
     <span class='ocr_line' id='line_1_23' title="bbox 66 1755 977 1798; baseline 0.002 -3"><span class='ocrx_word' id='word_1_208' title='bbox 66 1755 257 1797; x_wconf 82' lang='lat' dir='ltr'>academicorum</span> <span class='ocrx_word' id='word_1_209' title='bbox 272 1757 380 1797; x_wconf 89' lang='lat' dir='ltr'>coetuum</span> <span class='ocrx_word' id='word_1_210' title='bbox 396 1755 426 1796; x_wconf 89' lang='lat' dir='ltr'>ad</span> <span class='ocrx_word' id='word_1_211' title='bbox 442 1755 547 1797; x_wconf 87' lang='lat' dir='ltr'>habitum</span> <span class='ocrx_word' id='word_1_212' title='bbox 564 1756 652 1797; x_wconf 82' lang='lat' dir='ltr'>ordinis</span> <span class='ocrx_word' id='word_1_213' title='bbox 668 1756 770 1797; x_wconf 77' lang='lat' dir='ltr'>fratrum</span> <span class='ocrx_word' id='word_1_214' title='bbox 786 1756 977 1798; x_wconf 85' lang='lat' dir='ltr'>Praedicatcrum</span> 
     </span>
     <span class='ocr_line' id='line_1_24' title="bbox 73 1828 978 1882; baseline 0.003 -14"><span class='ocrx_word' id='word_1_215' title='bbox 73 1829 196 1879; x_wconf 87' lang='lat' dir='ltr'>petendum</span> <span class='ocrx_word' id='word_1_216' title='bbox 211 1831 331 1870; x_wconf 87' lang='lat' dir='ltr'>venerunt.</span> <span class='ocrx_word' id='word_1_217' title='bbox 348 1830 386 1870; x_wconf 91' lang='lat' dir='ltr'>Ita</span> <span class='ocrx_word' id='word_1_218' title='bbox 400 1828 506 1880; x_wconf 87' lang='lat' dir='ltr'>Parisiis,</span> <span class='ocrx_word' id='word_1_219' title='bbox 521 1829 641 1881; x_wconf 79' lang='lat' dir='ltr'>Vercellis,</span> <span class='ocrx_word' id='word_1_220' title='bbox 656 1828 757 1881; x_wconf 85' lang='lat' dir='ltr'>Patavii,</span> <span class='ocrx_word' id='word_1_221' title='bbox 773 1830 886 1882; x_wconf 85' lang='lat' dir='ltr'>Mutinae,</span> <span class='ocrx_word' id='word_1_222' title='bbox 902 1831 978 1872; x_wconf 86' lang='lat' dir='ltr'>Bono-</span> 
     </span>
     <span class='ocr_line' id='line_1_25' title="bbox 73 1900 977 1955; baseline 0.007 -15"><span class='ocrx_word' id='word_1_223' title='bbox 73 1900 132 1954; x_wconf 88' lang='lat' dir='ltr'>niae,</span> <span class='ocrx_word' id='word_1_224' title='bbox 147 1913 188 1953; x_wconf 86' lang='lat' dir='ltr'>per</span> <span class='ocrx_word' id='word_1_225' title='bbox 201 1902 306 1955; x_wconf 80' lang='lat' dir='ltr'>regiones</span> <span class='ocrx_word' id='word_1_226' title='bbox 320 1902 471 1955; x_wconf 82' lang='lat' dir='ltr'>germanicas,</span> <span class='ocrx_word' id='word_1_227' title='bbox 486 1914 564 1943; x_wconf 92' lang='lat' dir='ltr'>coram</span> <span class='ocrx_word' id='word_1_228' title='bbox 578 1902 669 1955; x_wconf 82' lang='lat' dir='ltr'>anglica</span> <span class='ocrx_word' id='word_1_229' title='bbox 684 1902 837 1945; x_wconf 88' lang='lat' dir='ltr'>universitate</span> <span class='ocrx_word' id='word_1_230' title='bbox 851 1903 977 1945; x_wconf 78' lang='lat' dir='ltr'>oxoniensi</span> 
     </span>
     <span class='ocr_line' id='line_1_26' title="bbox 73 1973 977 2030; baseline 0.006 -16"><span class='ocrx_word' id='word_1_231' title='bbox 73 1973 169 2017; x_wconf 86' lang='lat' dir='ltr'>diversis</span> <span class='ocrx_word' id='word_1_232' title='bbox 184 1974 253 2017; x_wconf 92' lang='lat' dir='ltr'>annis</span> <span class='ocrx_word' id='word_1_233' title='bbox 268 1977 291 2017; x_wconf 91' lang='lat' dir='ltr'>et</span> <span class='ocrx_word' id='word_1_234' title='bbox 306 1975 396 2017; x_wconf 87' lang='lat' dir='ltr'>vicibus</span> <span class='ocrx_word' id='word_1_235' title='bbox 410 1975 525 2028; x_wconf 87' lang='lat' dir='ltr'>eloquium</span> <span class='ocrx_word' id='word_1_236' title='bbox 540 1976 757 2029; x_wconf 72' lang='lat' dir='ltr'>suum&#39;proindit12.</span> <span class='ocrx_word' id='word_1_237' title='bbox 773 1975 871 2030; x_wconf 86' lang='lat' dir='ltr'>Neapoli</span> <span class='ocrx_word' id='word_1_238' title='bbox 888 1989 977 2029; x_wconf 87' lang='lat' dir='ltr'>quoquc</span> 
     </span>
     <span class='ocr_line' id='line_1_27' title="bbox 66 2048 977 2104; baseline 0.004 -17"><span class='ocrx_word' id='word_1_239' title='bbox 66 2050 114 2088; x_wconf 86' lang='lat' dir='ltr'>ant</span> <span class='ocrx_word' id='word_1_240' title='bbox 128 2060 188 2091; x_wconf 87' lang='lat' dir='ltr'>anno</span> <span class='ocrx_word' id='word_1_241' title='bbox 202 2050 257 2091; x_wconf 83' lang='lat'>1236</span> <span class='ocrx_word' id='word_1_242' title='bbox 267 2049 416 2101; x_wconf 78' lang='lat' dir='ltr'>¹praedicavit</span> <span class='ocrx_word' id='word_1_243' title='bbox 430 2052 472 2092; x_wconf 89' lang='lat' dir='ltr'>aut</span> <span class='ocrx_word' id='word_1_244' title='bbox 485 2049 510 2091; x_wconf 88' lang='lat' dir='ltr'>id</span> <span class='ocrx_word' id='word_1_245' title='bbox 523 2050 578 2091; x_wconf 79' lang='grc'>1231</span> <span class='ocrx_word' id='word_1_246' title='bbox 591 2048 811 2092; x_wconf 64' lang='grc'>11111111111111111.</span> <span class='ocrx_word' id='word_1_247' title='bbox 827 2049 917 2104; x_wconf 89' lang='lat' dir='ltr'>Ubique</span> <span class='ocrx_word' id='word_1_248' title='bbox 932 2053 977 2093; x_wconf 88' lang='lat' dir='ltr'>ter·</span> 
     </span>
    </p>
   </div>
   <div class='ocr_carea' id='block_1_5' title="bbox 9 2122 977 2175">
    <p class='ocr_par' dir='ltr' id='par_1_5' title="bbox 9 2122 977 2175">
     <span class='ocr_line' id='line_1_28' title="bbox 9 2122 977 2175; baseline 0.007 -17"><span class='ocrx_word' id='word_1_249' title='bbox 9 2149 10 2154; x_wconf 58' lang='grc'>,</span> <span class='ocrx_word' id='word_1_250' title='bbox 73 2130 151 2162; x_wconf 88' lang='lat' dir='ltr'>rarum</span> <span class='ocrx_word' id='word_1_251' title='bbox 168 2122 277 2165; x_wconf 88' lang='lat' dir='ltr'>iuventus</span> <span class='ocrx_word' id='word_1_252' title='bbox 294 2123 427 2165; x_wconf 88' lang='lat' dir='ltr'>academica</span> <span class='ocrx_word' id='word_1_253' title='bbox 445 2123 571 2165; x_wconf 88' lang='lat' dir='ltr'>Iordanum</span> <span class='ocrx_word' id='word_1_254' title='bbox 588 2126 611 2165; x_wconf 89' lang='lat' dir='ltr'>et</span> <span class='ocrx_word' id='word_1_255' title='bbox 628 2135 668 2175; x_wconf 88' lang='lat' dir='ltr'>per</span> <span class='ocrx_word' id='word_1_256' title='bbox 685 2135 737 2164; x_wconf 89' lang='lat' dir='ltr'>eum</span> <span class='ocrx_word' id='word_1_257' title='bbox 755 2123 854 2165; x_wconf 85' lang='lat' dir='ltr'>maxime</span> <span class='ocrx_word' id='word_1_258' title='bbox 872 2123 977 2165; x_wconf 83' lang='lat' dir='ltr'>ordinem</span> 
     </span>
    </p>
   </div>
   <div class='ocr_carea' id='block_1_6' title="bbox 63 2188 977 3052">
    <p class='ocr_par' dir='ltr' id='par_1_6' title="bbox 65 2188 977 2545">
     <span class='ocr_line' id='line_1_29' title="bbox 73 2188 977 2255; baseline 0.014 -24"><span class='ocrx_word' id='word_1_259' title='bbox 73 2191 263 2238; x_wconf 88' lang='lat' dir='ltr'>Praedicatornm</span> <span class='ocrx_word' id='word_1_260' title='bbox 278 2197 393 2249; x_wconf 85' lang='lat' dir='ltr'>cognovit.</span> <span class='ocrx_word' id='word_1_261' title='bbox 409 2199 462 2239; x_wconf 87' lang='lat' dir='ltr'>Non</span> <span class='ocrx_word' id='word_1_262' title='bbox 476 2188 550 2240; x_wconf 89' lang='lat' dir='ltr'>solum</span> <span class='ocrx_word' id='word_1_263' title='bbox 564 2199 612 2251; x_wconf 86' lang='lat' dir='ltr'>ipse</span> <span class='ocrx_word' id='word_1_264' title='bbox 627 2200 748 2242; x_wconf 83' lang='lat' dir='ltr'>Albertum</span> <span class='ocrx_word' id='word_1_265' title='bbox 763 2201 882 2255; x_wconf 79' lang='lat' dir='ltr'>Magnum,</span> <span class='ocrx_word' id='word_1_266' title='bbox 899 2204 977 2244; x_wconf 87' lang='lat' dir='ltr'>sedet</span> 
     </span>
     <span class='ocr_line' id='line_1_30' title="bbox 72 2263 977 2327; baseline 0.018 -25"><span class='ocrx_word' id='word_1_267' title='bbox 72 2263 130 2305; x_wconf 85' lang='lat' dir='ltr'>alios</span> <span class='ocrx_word' id='word_1_268' title='bbox 145 2269 270 2320; x_wconf 78' lang='lat' dir='ltr'>magistros</span> <span class='ocrx_word' id='word_1_269' title='bbox 285 2270 333 2312; x_wconf 90' lang='lat' dir='ltr'>sive</span> <span class='ocrx_word' id='word_1_270' title='bbox 348 2271 492 2313; x_wconf 85' lang='lat' dir='ltr'>decretorum</span> <span class='ocrx_word' id='word_1_271' title='bbox 508 2271 554 2314; x_wconf 87' lang='lat' dir='ltr'>sive</span> <span class='ocrx_word' id='word_1_272' title='bbox 568 2273 662 2325; x_wconf 84' lang='lat' dir='ltr'>artium,</span> <span class='ocrx_word' id='word_1_273' title='bbox 679 2274 844 2317; x_wconf 88' lang='lat' dir='ltr'>baccalaureos</span> <span class='ocrx_word' id='word_1_274' title='bbox 859 2276 937 2327; x_wconf 85' lang='lat' dir='ltr'>plures</span> <span class='ocrx_word' id='word_1_275' title='bbox 953 2278 977 2318; x_wconf 88' lang='lat' dir='ltr'>ct</span> 
     </span>
     <span class='ocr_line' id='line_1_31' title="bbox 72 2337 976 2401; baseline 0.018 -26"><span class='ocrx_word' id='word_1_276' title='bbox 72 2337 191 2381; x_wconf 87' lang='lat' dir='ltr'>studentes</span> <span class='ocrx_word' id='word_1_277' title='bbox 210 2343 324 2393; x_wconf 88' lang='lat' dir='ltr'>plurimos</span> <span class='ocrx_word' id='word_1_278' title='bbox 345 2344 423 2385; x_wconf 87' lang='lat' dir='ltr'>ordini</span> <span class='ocrx_word' id='word_1_279' title='bbox 442 2346 567 2399; x_wconf 71' lang='lat' dir='ltr'>adduxit1⁴‚</span> <span class='ocrx_word' id='word_1_280' title='bbox 589 2359 607 2388; x_wconf 89' lang='lat' dir='ltr'>e.</span> <span class='ocrx_word' id='word_1_281' title='bbox 629 2359 650 2399; x_wconf 85' lang='lat' dir='ltr'>g.</span> <span class='ocrx_word' id='word_1_282' title='bbox 672 2346 771 2389; x_wconf 88' lang='lat' dir='ltr'>Parisiis</span> <span class='ocrx_word' id='word_1_283' title='bbox 791 2348 855 2390; x_wconf 83' lang='lat' dir='ltr'>inira</span> <span class='ocrx_word' id='word_1_284' title='bbox 876 2351 976 2401; x_wconf 82' lang='lat' dir='ltr'>qrratuor</span> 
     </span>
     <span class='ocr_line' id='line_1_32' title="bbox 65 2408 976 2473; baseline 0.019 -26"><span class='ocrx_word' id='word_1_285' title='bbox 65 2408 225 2456; x_wconf 51' lang='lat' dir='ltr'>¹hebdomadas</span> <span class='ocrx_word' id='word_1_286' title='bbox 244 2417 383 2460; x_wconf 90' lang='lat' dir='ltr'>candidatos</span> <span class='ocrx_word' id='word_1_287' title='bbox 401 2419 435 2470; x_wconf 84' lang='grc'>21,</span> <span class='ocrx_word' id='word_1_288' title='bbox 455 2418 517 2460; x_wconf 89' lang='lat' dir='ltr'>inter</span> <span class='ocrx_word' id='word_1_289' title='bbox 536 2431 593 2472; x_wconf 87' lang='lat' dir='ltr'>quos</span> <span class='ocrx_word' id='word_1_290' title='bbox 610 2433 649 2462; x_wconf 86' lang='lat' dir='ltr'>sex</span> <span class='ocrx_word' id='word_1_291' title='bbox 668 2420 793 2473; x_wconf 81' lang='lat' dir='ltr'>magistros</span> <span class='ocrx_word' id='word_1_292' title='bbox 812 2422 907 2468; x_wconf 76' lang='lat' dir='ltr'>artium.</span> <span class='ocrx_word' id='word_1_293' title='bbox 928 2423 976 2464; x_wconf 90' lang='lat' dir='ltr'>alia</span> 
     </span>
     <span class='ocr_line' id='line_1_33' title="bbox 66 2481 774 2545; baseline 0.02 -23"><span class='ocrx_word' id='word_1_294' title='bbox 66 2481 182 2524; x_wconf 87' lang='grc'>11111228</span> <span class='ocrx_word' id='word_1_295' title='bbox 191 2485 286 2530; x_wconf 87' lang='lat' dir='ltr'>circiter</span> <span class='ocrx_word' id='word_1_296' title='bbox 295 2492 330 2545; x_wconf 82' lang='lat'>40,</span> <span class='ocrx_word' id='word_1_297' title='bbox 342 2492 433 2533; x_wconf 89' lang='lat' dir='ltr'>demum</span> <span class='ocrx_word' id='word_1_298' title='bbox 443 2493 497 2535; x_wconf 77' lang='lat'>1236</span> <span class='ocrx_word' id='word_1_299' title='bbox 507 2494 541 2545; x_wconf 75' lang='grc'>12,</span> <span class='ocrx_word' id='word_1_300' title='bbox 553 2494 645 2535; x_wconf 86' lang='lat' dir='ltr'>Patavii</span> <span class='ocrx_word' id='word_1_301' title='bbox 655 2495 709 2536; x_wconf 82' lang='lat'>1231</span> <span class='ocrx_word' id='word_1_302' title='bbox 719 2495 774 2536; x_wconf 75' lang='lat'><strong>301⁵.</strong></span> 
     </span>
    </p>

    <p class='ocr_par' dir='ltr' id='par_1_7' title="bbox 63 2556 975 3052">
     <span class='ocr_line' id='line_1_34' title="bbox 81 2556 975 2616; baseline 0.017 -20"><span class='ocrx_word' id='word_1_303' title='bbox 81 2578 82 2581; x_wconf 63' lang='lat'><em>=</em></span> <span class='ocrx_word' id='word_1_304' title='bbox 126 2556 187 2596; x_wconf 91' lang='lat' dir='ltr'>Dum</span> <span class='ocrx_word' id='word_1_305' title='bbox 200 2569 242 2609; x_wconf 90' lang='lat' dir='ltr'>per</span> <span class='ocrx_word' id='word_1_306' title='bbox 256 2560 297 2606; x_wconf 90' lang='lat' dir='ltr'>hos</span> <span class='ocrx_word' id='word_1_307' title='bbox 311 2565 450 2608; x_wconf 86' lang='lat' dir='ltr'>candidatos</span> <span class='ocrx_word' id='word_1_308' title='bbox 463 2578 477 2608; x_wconf 89' lang='lat' dir='ltr'>a</span> <span class='ocrx_word' id='word_1_309' title='bbox 491 2567 578 2608; x_wconf 85' lang='lat' dir='ltr'>centris</span> <span class='ocrx_word' id='word_1_310' title='bbox 591 2567 728 2609; x_wconf 89' lang='lat' dir='ltr'>academicis</span> <span class='ocrx_word' id='word_1_311' title='bbox 743 2569 774 2610; x_wconf 92' lang='lat' dir='ltr'>ad</span> <span class='ocrx_word' id='word_1_312' title='bbox 789 2568 893 2610; x_wconf 89' lang='lat' dir='ltr'>ordinem</span> <span class='ocrx_word' id='word_1_313' title='bbox 907 2571 975 2616; x_wconf 88' lang='lat' dir='ltr'>advo-</span> 
     </span>
     <span class='ocr_line' id='line_1_35' title="bbox 72 2629 974 2696; baseline 0.017 -26"><span class='ocrx_word' id='word_1_314' title='bbox 72 2629 154 2681; x_wconf 90' lang='lat' dir='ltr'>lantes,</span> <span class='ocrx_word' id='word_1_315' title='bbox 173 2641 294 2674; x_wconf 81' lang='lat' dir='ltr'>ascensum</span> <span class='ocrx_word' id='word_1_316' title='bbox 313 2637 445 2690; x_wconf 79' lang='lat' dir='ltr'>vigorosum</span> <span class='ocrx_word' id='word_1_317' title='bbox 463 2641 494 2681; x_wconf 91' lang='lat' dir='ltr'>ad</span> <span class='ocrx_word' id='word_1_318' title='bbox 512 2640 626 2682; x_wconf 88' lang='lat' dir='ltr'>actionem</span> <span class='ocrx_word' id='word_1_319' title='bbox 645 2641 797 2693; x_wconf 83' lang='lat' dir='ltr'>doctrinalem</span> <span class='ocrx_word' id='word_1_320' title='bbox 817 2644 974 2696; x_wconf 82' lang='lat' dir='ltr'>promovebat,</span> 
     </span>
     <span class='ocr_line' id='line_1_36' title="bbox 72 2704 975 2768; baseline 0.014 -24"><span class='ocrx_word' id='word_1_321' title='bbox 72 2704 186 2745; x_wconf 77' lang='lat' dir='ltr'>londanus</span> <span class='ocrx_word' id='word_1_322' title='bbox 206 2707 288 2755; x_wconf 90' lang='lat' dir='ltr'>aperta</span> <span class='ocrx_word' id='word_1_323' title='bbox 308 2713 385 2752; x_wconf 89' lang='lat' dir='ltr'>mente</span> <span class='ocrx_word' id='word_1_324' title='bbox 405 2714 428 2754; x_wconf 89' lang='lat' dir='ltr'>et</span> <span class='ocrx_word' id='word_1_325' title='bbox 448 2713 592 2765; x_wconf 87' lang='lat' dir='ltr'>problemata</span> <span class='ocrx_word' id='word_1_326' title='bbox 612 2715 751 2756; x_wconf 88' lang='lat' dir='ltr'>scholastica</span> <span class='ocrx_word' id='word_1_327' title='bbox 771 2719 865 2759; x_wconf 87' lang='lat' dir='ltr'>secutus</span> <span class='ocrx_word' id='word_1_328' title='bbox 886 2719 928 2768; x_wconf 87' lang='lat' dir='ltr'>est,</span> <span class='ocrx_word' id='word_1_329' title='bbox 950 2717 975 2757; x_wconf 90' lang='lat' dir='ltr'>in</span> 
     </span>
     <span class='ocr_line' id='line_1_37' title="bbox 71 2776 974 2831; baseline 0.014 -13"><span class='ocrx_word' id='word_1_330' title='bbox 71 2776 156 2830; x_wconf 85' lang='lat' dir='ltr'>Anglia</span> <span class='ocrx_word' id='word_1_331' title='bbox 169 2789 220 2818; x_wconf 91' lang='lat' dir='ltr'>cum</span> <span class='ocrx_word' id='word_1_332' title='bbox 234 2780 375 2824; x_wconf 89' lang='lat' dir='ltr'>cancellario</span> <span class='ocrx_word' id='word_1_333' title='bbox 389 2786 515 2829; x_wconf 82' lang='lat' dir='ltr'>Oxoniensi</span> <span class='ocrx_word' id='word_1_334' title='bbox 529 2789 629 2830; x_wconf 84' lang='lat' dir='ltr'>Roberto</span> <span class='ocrx_word' id='word_1_335' title='bbox 644 2790 789 2830; x_wconf 78' lang='lat' dir='ltr'>Grosseteste</span> <span class='ocrx_word' id='word_1_336' title='bbox 803 2791 865 2831; x_wconf 90' lang='lat' dir='ltr'>certe</span> <span class='ocrx_word' id='word_1_337' title='bbox 879 2802 926 2831; x_wconf 88' lang='lat' dir='ltr'>non</span> <span class='ocrx_word' id='word_1_338' title='bbox 941 2802 974 2831; x_wconf 90' lang='lat' dir='ltr'>so-</span> 
     </span>
     <span class='ocr_line' id='line_1_38' title="bbox 71 2851 974 2914; baseline 0.014 -23"><span class='ocrx_word' id='word_1_339' title='bbox 71 2851 118 2892; x_wconf 92' lang='lat' dir='ltr'>lum</span> <span class='ocrx_word' id='word_1_340' title='bbox 133 2852 161 2893; x_wconf 89' lang='lat' dir='ltr'>de</span> <span class='ocrx_word' id='word_1_341' title='bbox 175 2853 244 2893; x_wconf 88' lang='lat' dir='ltr'>rebus</span> <span class='ocrx_word' id='word_1_342' title='bbox 257 2851 454 2903; x_wconf 84' lang='lat' dir='ltr'>administrativis</span> <span class='ocrx_word' id='word_1_343' title='bbox 470 2872 548 2901; x_wconf 85' lang='lat' dir='ltr'>verum</span> <span class='ocrx_word' id='word_1_344' title='bbox 564 2862 634 2903; x_wconf 88' lang='lat' dir='ltr'>etiam</span> <span class='ocrx_word' id='word_1_345' title='bbox 650 2863 677 2903; x_wconf 91' lang='grc'>11</span> <span class='ocrx_word' id='word_1_346' title='bbox 693 2862 868 2914; x_wconf 82' lang='lat' dir='ltr'>quaestionibus</span> <span class='ocrx_word' id='word_1_347' title='bbox 884 2863 974 2904; x_wconf 85' lang='lat' dir='ltr'>Aristo-</span> 
     </span>
     <span class='ocr_line' id='line_1_39' title="bbox 71 2925 972 2990; baseline 0.013 -25"><span class='ocrx_word' id='word_1_348' title='bbox 71 2925 156 2967; x_wconf 86' lang='lat' dir='ltr'>telismi</span> <span class='ocrx_word' id='word_1_349' title='bbox 170 2925 347 2977; x_wconf 50' lang='lat' dir='ltr'>colloquendam.</span> <span class='ocrx_word' id='word_1_350' title='bbox 364 2928 412 2971; x_wconf 80' lang='lat' dir='ltr'>Sub</span> <span class='ocrx_word' id='word_1_351' title='bbox 427 2933 528 2975; x_wconf 89' lang='lat' dir='ltr'>Iordano</span> <span class='ocrx_word' id='word_1_352' title='bbox 543 2935 659 2977; x_wconf 88' lang='lat' dir='ltr'>ordinatio</span> <span class='ocrx_word' id='word_1_353' title='bbox 674 2936 747 2977; x_wconf 89' lang='lat' dir='ltr'>studii</span> <span class='ocrx_word' id='word_1_354' title='bbox 761 2937 837 2990; x_wconf 86' lang='lat' dir='ltr'>prima</span> <span class='ocrx_word' id='word_1_355' title='bbox 851 2938 915 2979; x_wconf 83' lang='lat' dir='ltr'>iacta</span> <span class='ocrx_word' id='word_1_356' title='bbox 929 2938 972 2988; x_wconf 88' lang='lat' dir='ltr'>est,</span> 
     </span>
     <span class='ocr_line' id='line_1_40' title="bbox 63 2999 973 3052; baseline 0.012 -13"><span class='ocrx_word' id='word_1_357' title='bbox 63 2999 223 3051; x_wconf 89' lang='lat' dir='ltr'>complectens</span> <span class='ocrx_word' id='word_1_358' title='bbox 244 3010 325 3040; x_wconf 86' lang='lat' dir='ltr'>cursus</span> <span class='ocrx_word' id='word_1_359' title='bbox 345 2999 505 3052; x_wconf 88' lang='lat' dir='ltr'>institutionis</span> <span class='ocrx_word' id='word_1_360' title='bbox 526 3009 627 3050; x_wconf 81' lang='lat' dir='ltr'>fratrum</span> <span class='ocrx_word' id='word_1_361' title='bbox 648 3009 839 3051; x_wconf 87' lang='lat' dir='ltr'>Praedicatorum</span> <span class='ocrx_word' id='word_1_362' title='bbox 860 3021 874 3051; x_wconf 89' lang='lat' dir='ltr'>a</span> <span class='ocrx_word' id='word_1_363' title='bbox 894 3009 973 3051; x_wconf 91' lang='lat' dir='ltr'>schola</span> 
     </span>
    </p>
   </div>
   <div class='ocr_carea' id='block_1_7' title="bbox 0 0 1056 3187">
    <p class='ocr_par' dir='ltr' id='par_1_8' title="bbox 0 0 1056 3187">
     <span class='ocr_line' id='line_1_41' title="bbox 0 0 1056 3187; baseline 0 2"><span class='ocrx_word' id='word_1_364' title='bbox 0 0 1056 3187; x_wconf 95' lang='lat' dir='ltr'> </span> 
     </span>
    </p>
   </div>
  </div>
 </body>
</html>
