2101 3187
468 10 587 45 Derottones
948 9 985 51 113

79 141 172 193 stenen,
184 151 244 181 anno
255 140 309 182 1115
319 138 462 181 Buscoducis
472 138 587 180 fratribus
598 137 803 180 Praedicatoribus
815 139 928 190 capellam
941 139 982 181 SS.

81 214 226 256 Sacramenti
239 226 290 255 cum
303 212 399 266 speciali
412 212 562 254 fraternitate
575 212 725 266 erigentibus.

78 315 80 319 f
136 289 233 331 Devotio
247 301 302 343 erga
316 289 343 329 B.
359 288 458 329 11011011
473 288 591 339 1711010001
606 301 620 330 a
634 288 761 329 fundatore
777 289 800 330 S.
817 287 939 330 Dominico
955 289 985 329 ad

81 363 185 406 ord-nem
199 364 302 407 transiit.
320 363 484 406 sanctuarium
500 364 526 404 B.
543 363 631 405 Mariae
647 363 675 405 de
690 363 771 405 Prulio
786 375 838 405 eum
853 364 985 416 primosque

80 437 154 480 socios
168 438 217 482 eius
232 437 328 491 accepit,
344 439 468 490 antequam
482 440 607 481 conventus
622 437 751 479 'tolosanus
765 438 879 481 fundatus
894 439 937 479 est.
956 439 984 478 In

80 512 223 563 professione
238 511 348 564 religiosa
362 512 449 553 fratres
465 511 618 554 obedientiam
634 511 670 553 vel
686 512 767 554 beatae
783 511 873 553 Manae
888 511 985 564 promit-

80 588 162 641 tunt41,
179 588 239 639 quod
253 585 385 637 specialiter
400 598 413 628 a
427 585 516 627 nostris
529 585 684 639 scriptoribus
697 587 802 628 notatur.
820 585 909 628 Deinde
924 585 985 637 quod

81 662 107 702 B.
128 645 243 703 Iordanus
261 662 355 702 cantum
375 674 386 701 1
398 660 465 703 Salve
482 659 562 713 regina
573 674 583 701 0
603 660 628 701 iu
640 658 783 713 liturgicum
802 671 868 702 usum
887 660 983 711 invexit,

81 736 140 788 quod
152 735 235 777 summi
246 735 351 777 doctores
362 736 394 775 B..
401 735 510 776 Aibertus
521 737 544 776 et
555 735 578 777 S.
592 735 691 776 Thomas
702 733 788 787 aliique
799 733 985 788 praeclarissime

80 813 103 853 et
121 810 268 852 devotissime
285 812 312 851 de
329 810 391 852 alma
408 809 519 863 genitrice
536 810 579 852 Dei
596 809 736 862 sentierunt,
755 811 816 862 quod
833 809 927 861 mystici
944 809 985 849 mi-

81 884 153 927 rificis
167 884 275 926 laudibus
289 896 339 926 eam
353 884 505 936 honorarunt,
520 884 580 936 quod
594 883 734 926 validissimi
748 884 922 937 praedicatores
935 895 985 926 eam

81 960 111 1000 ad
131 957 261 999 animarum
282 958 380 1000 salutem
401 957 596 1011 opportunissime
615 958 680 999 velut
700 956 816 1010 refugium
837 959 985 1010 peccatorum

81 1034 104 1074 et
118 1032 210 1074 stellam
222 1032 294 1075 maris
307 1035 485 1086 proposuerunt,
501 1033 560 1084 quod
574 1044 664 1085 semper
677 1033 763 1074 fratres
778 1032 942 1074 fraternitates
957 1033 984 1072 B.

81 1105 171 1148 blariae
191 1105 334 1155 direxerunt,
356 1107 416 1158 quod
436 1105 575 1148 Franciscus
595 1107 623 1148 de
643 1107 701 1148 Retu
722 1106 834 1159 magister
855 1105 986 1158 theologiae

71 1194 92 1226 ,11
105 1181 292 1232 quandocumque
308 1179 437 1222 sabbatiuis
452 1179 533 1227 diebus
547 1180 609 1221 inter
624 1171 730 1221 doctores
746 1179 803 1221 ordo
818 1178 909 1231 legendi
925 1178 986 1219 hunc

81 1253 161 1306 tetigit
178 1253 294 1306 fueritque
311 1254 388 1296 thema
401 1256 483 1302 ,textus
501 1255 658 1306 quodcumque
675 1265 717 1306 pro
735 1253 860 1295 medietate
878 1252 986 1294 lecttonis

81 1329 111 1369 ad
127 1328 219 1370 laudem
235 1328 349 1380 gloriosae
364 1327 461 1381 virginis
477 1326 565 1369 Mariae
580 1330 629 1369 tam
645 1329 725 1380 aperte
742 1327 846 1379 deflexit,
865 1330 891 1377 ut
909 1328 986 1379 stupe-

82 1398 134 1443 rent
149 1402 289 1455 frequenter‚
307 1400 346 1454 qui
360 1401 403 1443 hcc
417 1401 543 1443 audierunt
558 1403 581 1443 et
596 1401 674 1443 eodem
689 1403 793 1453 tempore
808 1402 943 1453 frequenter
959 1412 986 1441 ex

82 1475 203 1517 devotione
214 1476 240 1516 in
251 1477 332 1517 tantas
345 1475 453 1529 prorupit
465 1474 580 1528 lacrimae,
594 1477 621 1516 ut
633 1474 673 1517 vix
685 1475 754 1516 verba
767 1487 809 1526 pro
822 1475 882 1516 fletu
895 1474 986 1516 intelle-

82 1548 164 1602 gibilia
179 1549 277 1602 scholae,
294 1550 395 1592 formare
410 1551 488 1602 posset
499 1550 538 1601 ›1⁴¹2,
556 1550 615 1601 quod
632 1549 732 1590 Ioannes
748 1548 894 1590 Faesulanus
910 1547 986 1599 pictor

82 1622 260 1666 admirabilibus
279 1623 347 1666 lineis
366 1625 389 1665 et
407 1623 523 1666 coloribus
541 1624 568 1664 B.
588 1621 710 1675 Virginem
728 1634 771 1675 pro
790 1622 914 1674 altaribus,
936 1623 987 1663 dor-

82 1697 191 1750 mitomis,
206 1697 270 1740 cellis
285 1697 398 1750 depinxit,
413 1697 473 1751 quod
486 1697 576 1738 Alanus
590 1697 618 1738 de
631 1697 698 1749 Rupe
711 1707 763 1737 cum
778 1695 847 1738 sociis
861 1695 910 1737 suis
924 1707 987 1736 rosa-

82 1771 174 1813 rianam
190 1770 301 1823 pietatem
319 1771 402 1813 eximio
419 1771 486 1813 modo
503 1769 654 1822 instauravit,
673 1770 730 1823 haec
747 1771 831 1812 cuncta
850 1769 987 1811 documento

83 1847 145 1898 sunt,
167 1845 260 1898 quantis
279 1844 369 1887 merifis
387 1846 474 1887 fratres
493 1843 669 1886 Praedicatores
688 1843 779 1885 cultum
798 1843 987 1895 devotionemque

82 1919 157 1966 almae
170 1918 275 1973 Virginis
288 1931 441 1972 promoverim
453 1921 479 1962 ⁴³.

138 1993 172 2034 De
188 1993 345 2035 familiaribus
361 1995 503 2037 commerciis
519 1994 615 2046 ptetatis
632 1997 659 2041 Β,
677 1996 708 2036 Μ.
726 1996 755 2037 V.
773 1995 798 2035 in
814 1996 901 2037 fratres
918 1997 987 2037 Prae-

83 2065 199 2108 dicatores
217 2079 244 2109 ex
262 2067 437 2110 narrationibus
457 2081 468 2107 1(
478 2067 587 2110 Vitarum
605 2056 707 2110 fratrum
718 2070 750 2108 »⁴¹4
768 2080 796 2110 ac
814 2068 987 2110 commentariis

83 2141 227 2182 saeeulorum
244 2141 388 2195 sequentium
404 2141 574 2184 aedificationis
591 2143 695 2194 exempla
712 2154 801 2184 summa
819 2143 913 2184 adsunt.

138 2213 277 2257 Recltarunt
293 2216 380 2258 fratres
396 2215 475 2258 clerici
491 2228 519 2257 ex
535 2215 662 2269 primitivis
679 2215 760 2257 diebus
777 2215 867 2258 ordinis
885 2216 988 2257 officium

84 2299 95 2327 1
106 2286 133 2328 de
148 2288 216 2329 beata
230 2288 327 2342 Virgine
341 2301 384 2342 pro
398 2292 501 2341 tempore
511 2290 550 2330 045.
568 2288 686 2332 salutatio
702 2289 816 2343 angelica,
832 2290 899 2331 cuius
914 2289 988 2331 maior

38 2414 40 2416 Ι
83 2372 139 2417 usus
152 2360 178 2415 fn
192 2362 284 2416 saeculo
299 2364 358 2415 XIII
371 2362 476 2405 intrante
491 2364 631 2416 1101011141,
648 2363 677 2405 ab
692 2374 754 2405 anno
769 2364 824 2405 1266
839 2364 869 2405 ad
885 2363 988 2405 officium

83 2435 185 2475 fratrum
200 2445 362 2478 conversorum
378 2436 519 2487 extenditur,
537 2437 576 2490 qui
592 2448 662 2489 super
677 2439 714 2479 tot
730 2440 753 2479 et
769 2439 806 2479 tot
822 2439 894 2479 Pater
909 2439 989 2479 noster

84 2507 172 2550 addant
186 2509 222 2557 tot
236 2510 260 2549 et
273 2511 311 2551 tot
324 2510 372 2552 Ave
387 2510 488 2552 maria⁴⁷.

140 2583 169 2624 In
186 2582 280 2634 privata
296 2595 364 2635 prece
381 2596 427 2626 non
444 2585 518 2627 solum
538 2585 692 2626 salutationes
710 2584 829 2637 angelicae
847 2584 989 2636 multiplica-

85 2658 198 2710 bautnrss,
211 2667 289 2697 verum
301 2656 373 2699 etiam
385 2658 478 2711 saepius
490 2658 530 2700 fila
543 2658 590 2701 sive
602 2659 712 2701 cordulae
724 2670 776 2700 cum
789 2658 891 2710 nodulis,
906 2657 989 2710 quibus

85 2730 161 2773 010110
172 2732 220 2772 Ave
231 2729 307 2771 MarIa
316 2734 491 2785 numerabatur,
504 2732 557 2774 usui
568 2735 643 2774 erant.
657 2732 702 2783 Qui
714 2732 777 2774 modi
788 2731 928 2774 numerandi
939 2743 990 2784 pre-

85 2816 122 2848 ces
139 2804 209 2846 etiam
226 2805 375 2846 Paternoster
392 2806 427 2847 vel
444 2806 535 2848 rosaria
551 2807 722 2848 vocabantur.
741 2807 856 2848 Romaene
875 2805 903 2847 de
920 2804 989 2847 Levia

88 2881 115 2938 (1
127 2879 190 2931 1261)
205 2878 344 2921 «cordulam
357 2889 409 2919 cum
421 2879 522 2933 nodulis,
537 2880 620 2933 quibus
633 2879 697 2921 mille
709 2880 758 2922 Ave
771 2880 847 2922 Marta
860 2880 885 2921 in
898 2878 936 2922 die
948 2890 989 2919 nu-

25 2991 27 2995 .
86 2964 174 2994 merare
190 2952 273 2994 solitus
289 2953 347 3004 erat,
365 2951 462 2993 firmiter
479 2956 668 2995 manutenens»
686 2953 752 2996 obiit.
771 2955 800 2995 In
817 2953 921 3005 capitulo
938 2962 989 3003 pro-
