2188 3178
90 21 132 63 258
323 10 324 15 ¹
474 23 610 58 Proviciarum

90 149 187 203 denique
208 151 297 193 caelum
318 152 407 204 pariter
426 153 578 194 ascendamus
589 155 619 194 112.
643 154 706 202 Quae
728 153 791 194 dicta
812 154 836 199 et
856 153 995 196 directiones
1027 208 1030 213 ἱ

90 223 169 286 utique
186 226 271 266 bonum
289 226 418 268 volentibus
436 225 587 269 stifficiebant.
606 229 638 268 At
655 238 744 280 quoque
761 226 890 268 evolutione
907 227 995 280 indigc-

90 301 153 353 bant,
176 310 244 351 quam
263 300 334 342 factis
355 304 378 342 et
397 300 549 354 amplioribus
570 302 644 343 verbis
665 299 781 353 suscipere
802 300 927 342 Caietanus
948 313 996 343 non

89 372 175 415 omisit.
199 373 347 416 Communem
369 375 454 416 uictum
477 376 500 416 et
521 376 594 416 studii
615 376 716 430 laborem
737 374 874 416 inculcando
895 373 994 426 fatigari

88 446 193 489 nescivit.
221 448 419 500 «Circumspicite
443 450 529 489 fratres
559 452 581 490 et
610 449 685 491 uidete
717 450 786 501 (anno
801 447 854 488 1515
869 446 993 501 scripsit)³,

88 521 149 573 quod
162 523 291 563 conuentus
306 522 330 563 in
346 522 460 564 communi
475 523 577 564 virentes
593 522 759 575 temporalibus
774 522 893 564 abundant
908 523 932 562 et
947 532 994 561 cre·

87 598 163 648 scunt,
181 595 224 636 alii
239 608 292 638 vcro
309 596 444 655 dilabuntur
458 597 494 637 ita
509 607 540 636 ua
555 598 582 637 ob
598 596 658 637 nanc
672 607 766 638 causam
776 595 866 635 multos
883 594 996 635 defecisse

88 668 183 712 dubium
203 682 250 711 non
270 670 308 712 sit.
329 671 438 722 RecoHte,
459 671 519 725 quod
539 670 666 724 sanctiores
686 674 709 712 et
728 668 841 711 doctiores
859 667 922 709 viros
942 678 993 719 pro-

87 743 144 785 tulit
158 744 223 797 ordo,
240 745 331 797 quando
345 744 428 797 ubique
442 744 467 784 in
481 745 597 786 communi
610 744 659 786 vita
675 745 787 796 agebatur
802 754 869 795 quam
884 744 944 795 post.
962 742 994 791 Et

87 819 169 860 nostra
188 817 265 861 aetate
285 817 388 860 meliores
408 820 431 859 et
449 816 523 870 magis
543 817 646 859 eruditos
665 818 760 860 oculata
779 817 822 858 fide
840 814 993 869 perspicimus

87 892 127 935 ubi
142 891 167 933 in
182 893 296 934 connuuni
312 891 398 933 vidtur
412 903 481 944 quam
495 892 535 933 ubi
551 891 645 944 quisque
660 892 697 932 sui
712 903 791 933 curam
806 891 871 943 gerit.
889 891 991 944 Iungite¹

88 978 181 1019 quaese,
205 966 366 1008 communitati
388 976 507 1007 sacrarum
529 965 609 1007 studia
629 965 771 1018 litterarum,
794 968 822 1006 ut
842 966 945 1017 exemplo
968 967 992 1007 et

90 1042 155 1083 serbo
173 1052 267 1093 pascere
286 1039 389 1092 populos,
410 1042 438 1082 ut
455 1040 567 1082 tenemini
585 1038 754 1082 constitutione
771 1038 866 1091 ordinis,
886 1039 990 1092 possitis.

87 1115 193 1156 Aliarum
211 1114 324 1167 siquidem
341 1114 479 1167 religionum
497 1116 638 1166 professores
656 1114 769 1169 quidquid
786 1108 922 1169 impendunt
941 1117 992 1157 doc-

87 1189 163 1230 trinae
179 1187 255 1241 gratis
272 1191 376 1241 erogant,
393 1189 460 1231 nobis
478 1191 556 1230 autem
573 1189 610 1230 vin
627 1188 734 1230 imminet
750 1189 797 1231 nisi
814 1190 947 1232 studeamus
965 1192 992 1230 ut

85 1262 275 1314 evangelizemus.
295 1264 358 1305 Haec
377 1264 421 1305 duo
441 1266 503 1316 sunt,
524 1263 605 1316 quibus
625 1257 741 1315 servatis,¹
752 1263 807 1304 ordo
825 1265 904 1305 noster
921 1263 991 1304 facile

85 1336 258 1378 reformabitur.
276 1337 365 1378 Hortor
379 1335 454 1389 igitur
468 1336 583 1388 imprimis
597 1349 624 1379 ac
639 1348 721 1378 moneo
735 1348 775 1378 vos
791 1336 948 1388 praesidentes
964 1346 991 1377 ac

85 1412 171 1463 patres,
191 1412 219 1452 ut
237 1411 380 1463 resipiscatis
397 1414 421 1452 et
440 1412 475 1454 uel
495 1422 562 1453 saeva
580 1409 724 1463 paenitentia
743 1409 908 1470 proprietatem
927 1402 991 1461 igno-

86 1484 232 1537 rantiamque
253 1496 268 1525 a
288 1484 370 1527 nestris
392 1484 447 1526 filiis
468 1484 602 1537 profligatis
622 1483 761 1526 communia
774 1483 874 1535 propriis
896 1483 990 1533 antepo-

84 1558 147 1600 natis
163 1560 188 1600 et
205 1558 266 1600 filios
284 1559 398 1611 sapientes
416 1559 456 1611 qui
473 1558 547 1611 gloria
565 1561 619 1600 sunt
635 1558 711 1611 patris
729 1559 806 1601 alatis.
825 1560 911 1602 Mando
925 1559 991 1601 'dein-

85 1632 112 1673 de
132 1632 196 1674 vobis
216 1631 347 1674 iunioribus
366 1636 392 1675 ut
411 1633 504 1674 tollatis
524 1632 697 1677 communitatis
717 1633 798 1686 iugum
817 1645 886 1686 super
905 1645 947 1674 vos
967 1635 990 1675 et

85 1706 182 1748 discatis
195 1706 220 1747 in
233 1705 303 1749 terris
315 1718 349 1760 ea,
365 1711 461 1758 quorum
475 1706 573 1748 scientia
586 1707 702 1749 vobiscum
716 1711 845 1758 perseveret
857 1707 882 1748 in
896 1708 987 1750 caelis-a.

140 1779 207 1823 Sicut
241 1781 314 1822 studii
332 1782 447 1833 exeuiplar
465 1780 591 1823 Oasietanus
608 1782 644 1823 ita
659 1781 684 1822 in
703 1780 813 1822 electione
830 1781 989 1832 procuratoris

82 1853 198 1906 generalis
216 1854 309 1896 Nicolai
327 1854 353 1895 de
372 1855 511 1908 Schdnberg,
531 1845 690 1897 observantiae
707 1854 803 1907 addicti,
822 1855 938 1895 fautorem
956 1866 989 1895 re-

83 1928 171 1981 gularis
187 1928 250 1970 uitae
265 1940 289 1970 se
304 1929 417 1980 praebuit.
435 1930 496 1971 Dum
511 1912 604 1971 interno
618 1929 708 1970 ordinis
722 1928 862 1970 incremento
877 1939 989 1969 commen-

82 2002 179 2052 datione
194 2002 257 2045 vitae
276 1999 409 2056 communis,
430 2003 559 2056 clausurae,
578 2015 661 2045 usuum
679 2001 881 2058 paenitentialium
900 2013 988 2043 necnon

25 2073 27 2076 ⁴
75 2075 156 2118 studii
172 2077 238 2118 cultu
254 2076 363 2129 providit,
381 2079 499 2118 externam
516 2076 657 2130 agnitionem
673 2077 744 2128 atque
760 2075 933 2128 ampliationem
950 2073 988 2118 do-

82 2149 222 2192 minicanam
240 2162 287 2190 non
305 2150 379 2191 solum
397 2163 438 2202 per
456 2151 611 2192 defensionem
629 2148 717 2191 iuriam
736 2161 829 2191 suornm
847 2145 987 2192 contraim-

82 2226 212 2276 pugnantes
232 2225 271 2265 sed
289 2225 359 2266 etiam
377 2236 418 2275 per
436 2224 581 2266 emissionem
599 2224 701 2265 fratrum
719 2222 744 2263 in
762 2224 846 2266 terram
865 2224 988 2274 utramque
1026 2271 1028 2273 ,

34 2314 36 2318 >
83 2298 204 2340 Indiarum
220 2298 294 2340 auxit.
312 2299 340 2340 In
355 2298 501 2351 gravioribus
517 2283 653 2351 quibusdam
669 2297 746 2339 causis
762 2299 785 2339 et
800 2294 944 2350 processibus
960 2299 987 2338 ut

83 2371 177 2413 Ioannis
196 2372 275 2413 Jetzer
294 2373 317 2413 ct
335 2374 429 2423 patrum
448 2370 618 2422 Hennensium,
638 2369 774 2422 hispanicae
792 2373 878 2415 sororis
898 2374 987 2415 Mariae
1007 2377 1008 2380 ’

82 2443 240 2497 risionariae5,
263 2445 382 2487 divisionis
403 2446 506 2486 fratrmm
537 2445 560 2486 S.
582 2442 656 2485 Marci
677 2444 827 2500 Florentiae,
859 2448 986 2489 Caietanus

82 2511 136 2560 1508
152 2521 175 2561 et
191 2519 245 2560 1510
262 2518 387 2561 decisiones
404 2518 495 2561 sobrias
511 2519 535 2560 et
550 2511 639 2570 quietas
657 2519 722 2560 dedit
732 2506 839 2562 ¹debitum
856 2521 933 2562 officii
949 2521 984 2563 sui

81 2591 175 2634 minime
191 2594 308 2635 excedens.
325 2593 345 2634 A
364 2593 459 2635 summo
474 2580 587 2634 Pontifice
603 2592 656 2633 1517
673 2593 799 2636 cardinalis
816 2597 908 2636 creatus
925 2606 986 2635 anno

80 2666 216 2718 insequente
229 2678 240 2708 e
255 2668 389 2719 generalatu
403 2665 481 2708 cessit.
497 2665 600 2708 Consilia
613 2668 691 2709 autem
705 2679 755 2722 sua,
771 2668 879 2721 spiritum
892 2680 921 2711 ac
934 2680 986 2720 pro-

80 2740 204 2782 tectionem
223 2739 336 2783 iratribus
355 2740 438 2782 exinde
456 2751 503 2781 non
523 2740 655 2793 denegabat.
676 2742 743 2791 Qiiod
762 2739 901 2783 momentum
921 2741 984 2783 Caie-

79 2814 131 2856 tani
146 2811 305 2865 magisterium
320 2813 402 2856 habuit
417 2816 441 2855 et
455 2825 483 2854 en
498 2815 635 2857 successoris
650 2815 749 2872 Garsiae
763 2817 790 2858 de
805 2816 893 2863 Loaysa
909 2815 984 2857 verbis

78 2891 104 2930 et
123 2899 152 2929 ex
174 2885 289 2929 brevitate
309 2886 453 2941 sequentium
476 2888 650 2940 generalatuum
683 2901 763 2931 eruere
784 2889 854 2931 facile
885 2888 983 2941 quisqu'e

77 2964 162 3015 potest.
