2188 3178
120 64 160 104 166
455 61 500 96 Vita
516 63 536 96 et
551 62 604 96 actio
618 62 694 97 ordinis

113 198 225 240 raniensis
242 211 302 240 anno
320 200 375 241 1415
392 199 506 240 fratribus
524 196 728 242 Praedicatoribus
747 211 794 240 sese
812 199 938 251 adscripsit
955 201 1017 241 inter

114 285 171 326 quos
186 272 362 325 religiosissima
377 273 440 315 vitae
455 272 546 332 ratione
562 272 656 316 enituit.
674 275 731 316 Post
746 274 948 316 commorationem
964 274 1016 316 rio-

113 347 237 399 rentinam,
259 348 340 390 Sancti
360 347 500 400 Geminiani,
521 347 667 390 Brixiensem
686 361 747 390 auno
766 349 820 389 1490
840 349 973 390 Florentiae
993 362 1015 390 a·

113 422 161 473 pud
175 422 198 463 S.
214 423 316 463 blancum
332 425 355 463 et
369 435 429 463 anuo
443 423 496 463 1491
509 421 534 462 in
548 422 678 464 cathedrali
692 422 776 464 eximia
789 423 812 463 ri
826 422 897 464 mirae
911 423 1015 475 eloquen-

65 509 67 513 ’
113 495 160 537 tiae
175 496 236 537 sacri
250 496 293 537 zeli
308 498 401 538 verbum
417 496 460 538 Dei
475 507 602 547 proponere
616 496 700 549 eoepit,
716 499 847 539 moderator
862 509 951 537 morum
966 496 1024 538 eius'

112 569 216 612 ciuitatis
236 582 262 612 ac
282 582 358 612 rerum
379 583 430 612 mox
450 561 556 622 effectus,
577 569 696 613 auditores
716 572 820 613 10-15000
840 570 956 611 interdum
977 571 1015 611 ha-

113 645 194 684 bensifl.
214 645 296 687 Partes
314 657 369 696 quas
387 645 468 685 coritra
485 643 614 684 hledicaeos
632 647 655 685 et
672 644 696 684 in
714 644 877 687 reformatione
895 646 1014 686 observan-

112 717 160 759 tiae
176 718 291 770 regularis
308 718 442 770 assumpsit,
460 717 509 759 eius
527 717 652 760 conflictus
669 730 719 758 curru
738 719 802 760 curia
820 721 923 760 Romana
940 721 962 760 et
980 729 1015 758 or-

112 792 173 832 dinis
192 794 349 844 maturaruut,
368 792 393 831 iu
412 781 494 843 qrribus
512 792 662 832 succumbens
681 792 717 833 die
735 794 762 833 22
780 793 835 834 artasii
854 793 1014 845 strangulatus

113 870 181 918 atque
192 866 241 918 igni
251 866 353 907 traditus
363 868 405 907 est.
418 867 548 907 Defunctus
558 868 636 906 tamen
647 866 722 906 adbuc
733 866 757 906 in
768 852 852 908 arnimis
862 867 1015 919 plurimorum

113 940 277 992 loquebaturffl.
289 940 290 944 ’
538 929 539 932 “

168 1015 196 1055 Iu
219 1014 332 1055 Teutonia
353 1012 496 1065 praedicatio
517 1013 608 1053 fervens
630 1013 691 1053 sicut
712 1013 769 1054 alibi
791 1026 842 1054 cum
864 1013 1013 1056 restauratio-

111 1100 140 1130 ne
156 1087 315 1129 observantiae
332 1087 460 1128 cohaesisse
477 1087 575 1127 videtur.
595 1088 633 1127 Ita
650 1088 772 1129 Oonrradus
788 1089 816 1129 de
832 1087 957 1136 Prussiau
967 1087 1013 1139 pri-

111 1173 162 1202 mus
178 1161 300 1203 inchoator
316 1160 489 1203 reformationis
506 1164 529 1201 et
547 1160 706 1202 observantiae
723 1161 811 1204 ordinis
829 1162 903 1203 nostri
920 1162 945 1201 in
961 1173 1013 1213 par-

112 1236 174 1278 tibus
193 1235 365 1276 Alamanniae»
388 1248 398 1273 u
409 1234 564 1286 ignitissimus
585 1234 732 1286 praedicator
751 1238 775 1276 et
794 1228 970 1277 ardentissimus
990 1248 1013 1276 a·

110 1309 225 1350 rimarum
246 1309 333 1350 zelator
344 1323 354 1348 1)
376 1309 532 1361 habebatur‘ffl,
554 1309 589 1349 De
609 1309 697 1349 Ioanne
717 1309 830 1361 bfiilberg,
851 1309 1012 1350 concionatore

110 1382 239 1425 Basileensi
256 1384 279 1424 et
296 1382 444 1435 magnanimo
462 1381 551 1424 ordinis
568 1381 605 1434 sui
618 1372 671 1423 'filio
689 1381 806 1424 traditur:
828 1396 839 1422 u
851 1384 904 1434 Ipso
923 1382 1012 1435 praedi-

110 1459 177 1498 cante
193 1457 280 1499 alicubi
296 1459 344 1498 fere
360 1459 425 1498 totus
442 1456 541 1508 porudus
559 1456 603 1497 loci
620 1455 741 1497 convenire
758 1457 877 1498 cousuevit
888 1458 926 1497 „aa
946 1458 1012 1498 Ioan-

109 1544 149 1573 nes
168 1531 259 1584 Herolt‚
272 1531 320 1583 ¹qui
339 1530 503 1582 Norimbergae
522 1530 589 1583 longe
608 1533 763 1572 commoratus
783 1533 825 1582 est,
846 1530 897 1571 viva
916 1528 969 1572 rece
989 1533 1011 1572 et

110 1605 205 1657 scriptis
225 1604 369 1646 sermonibus
389 1604 551 1645 famosissimis
571 1604 689 1644 influxum
709 1616 796 1653 summe
816 1606 944 1645 notandum
965 1616 1011 1645 non

110 1680 183 1719 solum
198 1677 222 1718 iu
237 1690 333 1719 coaevos
347 1679 386 1719 sed
400 1689 441 1729 per
456 1677 501 1718 duo
516 1677 609 1719 saecula
624 1677 745 1729 reliquiar.
764 1678 885 1720 Sermones
899 1678 1011 1736 academi-

109 1765 147 1794 cos
160 1754 183 1793 et
194 1752 362 1794 instructiones
375 1753 402 1792 de
414 1750 519 1793 Hussitis
532 1751 562 1792 ad
574 1751 685 1803 populum
698 1751 838 1793 Franciscus
851 1751 878 1792 de
891 1752 947 1792 Reiz
960 1763 1010 1804 pro-

109 1826 261 1879 nuntiabat⁶'⁵,
280 1826 334 1866 dum
350 1827 448 1867 Ioannes
465 1825 536 1866 Nider
552 1823 634 1876 boiens
650 1824 756 1876 scientia,
774 1824 830 1876 vita,
848 1837 914 1877 opere
930 1828 953 1866 et
963 1837 1010 1867 ver-

108 1902 135 1942 bo
152 1900 306 1941 universalem
322 1898 437 1940 actionem
453 1898 693 1951 praedicationemque
709 1899 818 1950 perficere
834 1897 940 1950 potatur.
960 1899 1010 1940 Ser-

108 1986 185 2015 mones
202 1974 280 2026 potius
298 1973 440 2015 doctrinales
456 1973 483 2013 de
500 1972 624 2024 Aquinatis
643 1974 750 2015 Summae
767 1973 834 2024 parte
851 1973 913 2013 II-II
931 1973 1010 2014 Serra-

107 2049 155 2090 tius
171 2048 271 2091 Fauckel
287 2047 388 2089 enixior.
406 2048 441 2088 De
456 2049 532 2088 cetero
548 2046 572 2086 in
589 2046 694 2089 omnibns
711 2045 862 2088 conventibus
877 2046 1010 2088 reformatis

107 2122 230 2163 confluxus
244 2121 324 2174 populi
338 2122 368 2162 ad
382 2119 502 2162 conciones
516 2123 539 2162 et
553 2120 720 2161 confessionem
734 2119 858 2160 notaturll.

162 2197 191 2237 In
200 2195 299 2237 Polonia
308 2195 418 2236 Nicotaus
428 2195 455 2236 de
465 2194 534 2235 Brest
543 2194 643 2234 eximius
651 2192 798 2245 praedicator
808 2192 931 2234 Oracoviae
940 2195 1009 2234 exsti·
1031 2246 1032 2250 Ἰ

108 2270 166 2310 utu.
624 2261 626 2264 ‘

162 2343 304 2385 Vastissima
324 2342 472 2395 congregatio
494 2340 627 2382 hollandica
648 2339 749 2380 Alauum
771 2340 798 2380 de
819 2341 884 2393 Rupe
904 2341 1007 2393 aliosque

107 2416 280 2483 concionatores
296 2416 398 2458 fervidos
415 2416 463 2457 suis
479 2415 655 2456 adnumerabat.

164 2566 178 2625 ᾗ
195 2568 230 2609 33.
246 2564 444 2623 Missionesapud
459 2563 573 2606 infideles.
589 2561 663 2620 Opera
678 2563 767 2606 unionis
784 2564 953 2607 ecclesiasticae.

162 2699 301 2740 Dominunte
315 2699 377 2739 circa
391 2709 477 2738 anniam
491 2697 545 2737 1200
559 2695 634 2736 adhuc
648 2696 695 2737 nelo
710 2696 856 2738 missionario
871 2696 1007 2738 Cistercien-

106 2776 166 2815 sium
182 2784 223 2824 per
238 2775 313 2813 terras
330 2769 501 2813 christianitati
517 2772 642 2821 proxilitas,
660 2769 738 2811 divina
755 2770 901 2822 providentia
918 2782 970 2811 mox
986 2782 1007 2811 e-

106 2848 163 2889 tiam
178 2845 237 2887 alios
251 2845 368 2897 operarios
383 2845 413 2886 ad
428 2844 517 2884 labores
532 2842 611 2903 vineae
626 2843 720 2885 Domini
734 2843 796 2885 inter
810 2843 922 2896 infideles,
939 2844 1007 2886 Sara

104 2934 171 2963 cenos
187 2922 211 2962 et
227 2919 385 2960 schismaticos
402 2918 510 2960 colendae
525 2917 635 2959 evocavit.
654 2917 744 2959 Sensim
760 2918 826 2958 iuxta
843 2916 1007 2960 &istercienses

104 2997 211 3038 ordinum
227 2994 344 3034 Minorum
359 2994 382 3033 et
397 2990 586 3033 Praedicatorum
602 2992 688 3032 fratres
704 3003 760 3033 suas
774 2990 833 3032 vires
849 2990 954 3032 missioni
970 3004 1006 3033 ex-
