2188 3178
90 96 132 147 216
413 94 505 129 nvolutto
522 95 670 147 provinciarum

95 252 96 256 η
149 222 260 263 Fratrum
275 221 407 274 provinciae
421 223 538 263 Romanae
554 221 638 263 merita
653 222 715 263 haud
730 219 811 272 paucis
827 221 932 262 enarrari
947 234 998 274 pos-

93 304 155 339 sunt.
172 297 274 341 Inserie
289 297 467 348 gubernantium
482 296 585 350 Clarum,
603 297 723 338 Nicolaum
739 296 765 337 de
781 296 910 341 Iuvenatio,
927 286 998 349 ilina-

93 372 192 422 bertum‚
205 370 315 411 {thomam
327 370 395 423 Agni,
409 369 611 411 Aldobrandinum
623 356 770 421 (lavatoriam,
784 368 905 410 Nicolaum
917 368 998 410 611161-

91 445 144 498 tini,
161 446 283 498 Hngonem
298 445 452 498 Borgognont,
468 443 599 496 Remigium
615 444 734 496 delitare,
751 444 894 484 Matthaeum
910 443 995 490 Orsini,

91 519 238 560 Dominieum
249 519 356 571 Ρ6661011,
369 520 476 561 Iacobum
486 517 594 572 Altoviti‚
607 515 944 568 Β6111101016666611101616161,
956 516 997 555 lli-

90 595 192 635 chaelem
205 594 267 636 della
279 594 346 648 (iasa,
359 593 502 635 Friderieum
514 592 602 645 Fremi,
617 594 762 635 Leonardum
776 591 840 643 Rati,
854 589 997 630 Leonardum

91 669 120 710 de
133 669 271 719 Mansuetis‚
286 668 426 710 Ludovieum
440 666 528 709 Gentili
541 668 644 709 famosos
657 667 786 709 nominant.
802 667 834 707 llt
847 663 997 707 de-seientiae

90 742 427 796 611161611666161661661661,
438 740 543 794 Aquinas
553 741 600 782 iam
611 742 674 783 solus
685 740 799 784 enuntiat.
812 740 855 781 Oui
866 738 936 780 ceteri
946 749 996 788 pro·

90 818 191 859 iessores
204 829 232 858 ex
245 818 287 858 hac
301 816 418 869 provincia
432 811 572 869 prodeuntes
586 817 655 870 digne
668 819 795 860 adduntur.
812 818 895 860 Studia
910 814 998 855 maiora

91 891 117 932 in
128 891 217 932 ditione
228 892 331 932 Romana
342 891 409 942 plura
420 903 447 931 ex
459 892 551 933 saeculo
562 891 621 932 XIII
632 893 810 944 cognoscuntur,
824 889 959 943 praesertim
970 888 997 928 il-

91 965 116 1006 16
126 949 279 1007 conventuum
292 966 314 1007 S.
328 964 434 1013 Sabinae,
448 965 537 1017 Pisani,
550 966 700 1019 Urbevetani,
712 965 870 1019 Neapolitani,
883 961 996 1005 Florenti-

93 1037 126 1091 ni,
144 1040 167 1079 et
182 1040 263 1090 postea
277 1037 375 1079 maxime
391 1038 549 1079 Minervitani.
567 1039 745 1080 Praedicatores
761 1037 935 1086 animarumque
951 1045 997 1074 mo-

94 1112 213 1153 deratores
229 1111 313 1153 multos
329 1112 432 1153 Romana
448 1111 507 1153 ditio
523 1111 644 1153 enutrivit.

149 1185 248 1237 Propter
265 1185 462 1237 propinquitatem
479 1185 549 1227 huius
566 1185 699 1243 provinciae
717 1187 747 1228 ad
765 1186 853 1228 curiam
871 1188 997 1227 Romanam

93 1270 166 1300 nexus
178 1258 289 1310 speciales
300 1270 350 1299 eam
362 1271 413 1300 cum
425 1259 467 1299 illa
480 1259 599 1301 uniebant.
614 1260 697 1301 Plures
708 1261 795 1302 iratres
807 1261 878 1301 etiam
890 1261 920 1301 ad
933 1260 996 1301 sedes

93 1332 243 1384 episcopales,
259 1333 465 1385 archiepiscopales
480 1334 514 1374 vel
531 1335 561 1375 ad
577 1333 716 1386 dignitatem
732 1333 905 1374 cardinalitiam
920 1344 997 1374 ascen-

92 1404 184 1447 derunt.

148 1480 271 1521 Provincia
290 1481 373 1532 nepae
392 1481 486 1523 Siciliae
503 1466 607 1523 extremo
626 1483 718 1524 saeculo
737 1484 796 1525 XIII
814 1496 828 1525 a
848 1484 935 1526 ditione
953 1485 997 1526 Ro-

92 1565 162 1594 mana
171 1553 363 1606 independentem
373 1567 397 1613 se
406 1554 537 1596 constituit.
549 1555 687 1607 Amplitudo
697 1556 831 1608 provinciae
841 1559 957 1600 Romanae
967 1559 996 1600 ab

91 1626 189 1669 Etruria
198 1629 228 1674 ad
237 1627 337 1669 insulam
348 1628 443 1671 Siciliae
450 1642 474 1671 se
483 1630 630 1672 extendentis
640 1630 866 1673 administrationem
877 1644 916 1684 per
926 1644 996 1673 uirum

93 1695 194 1752 priorem
211 1700 375 1758 provincialem
392 1702 511 1744 difficilem
529 1703 639 1744 reddidit.
659 1704 705 1753 (bui
723 1704 768 1745 etsi
785 1703 896 1745 vicarium
915 1705 994 1745 saltem

93 1777 150 1827 post·
155 1787 243 1815 annum
252 1776 305 1816 1256
315 1787 383 1827 super
391 1778 469 1828 partes
478 1776 545 1828 regni
553 1777 705 1828 Neapolitani
714 1777 876 1829 nominaverit,
886 1780 963 1818 1611166
973 1783 996 1818 et

93 1848 229 1900 magnitudo
244 1848 350 1900 gubernii
364 1850 477 1902 regularis
491 1852 514 1892 et
529 1852 583 1892 vota
597 1851 675 1903 regiae
690 1852 771 1892 domus
785 1848 958 1903 andegavensis
971 1850 995 1890 in

89 1922 159 1965 terris
169 1922 331 1974 Neapolitanis
340 1923 370 1964 ab
378 1935 439 1966 anno
448 1925 502 1966 1263
512 1923 655 1967 dominantis
666 1925 835 1976 separationem
845 1926 997 1967 conventuum

92 1996 166 2048 Regni
179 1998 208 2038 ab
221 1996 270 2037 illis
282 1997 414 2049 provinciae
427 1999 544 2039 Romanae
557 1997 685 2050 petierunt
699 1999 767 2039 Anno
781 1999 835 2039 1266
849 1998 936 2039 divisio·
945 2009 996 2050 pro-

92 2069 221 2111 vinciarum
233 2070 258 2110 16
271 2070 350 2112 ordine
362 2070 408 2112 iam
421 2063 511 2124 agitata
523 2071 578 2113 iuit.
592 2073 624 2113 nt
637 2071 783 2113 Caelestinus
795 2072 816 2113 V
828 2071 931 2113 instante
944 2083 996 2123 rege

92 2144 175 2184 Oarolo
186 2145 211 2185 Π
221 2143 368 2185 dividendam
377 2145 520 2196 provinciam
529 2146 658 2186 Romanam
668 2156 717 2186 esse
727 2145 764 2186 die
773 2146 786 2184 1
797 2145 932 2196 septembris
941 2145 996 2186 1294

91 2216 172 2257 edixit.

100 2342 101 2346 Ἰ
148 2290 215 2332 61166
230 2302 316 2332 annum
331 2292 384 2333 1369
400 2292 520 2344 provincia
535 2292 610 2345 Regni
625 2295 753 2346 conventus
767 2293 792 2333 in
808 2294 885 2337 insula
902 2296 995 2338 Siciliae
1057 2290 1058 2293 ¹

90 2366 103 2406 8
116 2366 144 2417 (e.
156 2377 177 2417 g:
189 2365 366 2420 Messanensem
377 2368 579 2419 Panormitanum‚
591 2367 779 2421 Trapanensem),
791 2370 815 2410 in
826 2373 889 2412 terra
900 2371 995 2412 Laboris

91 2439 103 2480 9
118 2440 153 2491 (ut
165 2440 189 2481 S.
202 2439 326 2493 numidici,
339 2443 362 2489 et
374 2442 397 2484 S.
411 2442 476 2482 Petri
488 2442 519 2482 Μ.
534 2441 709 2494 Neapolitanos,
724 2442 868 2496 Caietanum,
883 2445 995 2486 Beneven-‹

92 2514 378 2572 tanunubsalernitannm,
394 2513 539 2567 Capuanum,
555 2515 723 2567 Adversanum,
740 2516 896 2568 Suessanum),
911 2516 936 2557 in
950 2518 995 2558 ter-

92 2599 119 2644 ra
132 2588 228 2639 Aprutii
241 2589 253 2629 5
269 2588 426 2641 (6661166616,
441 2588 580 2640 Adrianum,
595 2588 745 2642 Pennensem,
761 2590 890 2643 Reatinum,
907 2591 995 2632 Sulmo-

92 2662 202 2714 nensem),
216 2661 241 2701 in
253 2662 339 2714 Apulia
352 2664 365 2703 7
380 2663 406 2715 (e.
421 2674 442 2715 g.
457 2661 666 2715 Monopolitanum‚
681 2663 828 2716 Pranensem,
843 2665 994 2716 Pogetanum‚

90 2736 223 2789 Barensem,
240 2736 397 2790 Tarentinum,
415 2734 592 2791 Brundisinum)
609 2738 822 2792 comprehendebat,
837 2741 868 2798 ad
884 2750 940 2790 quos
955 2737 996 2779 alii

91 2810 173 2861 postea
186 2809 334 2850 advenerunt.
349 2808 492 2861 Principalis
504 2811 630 2851 conventus
643 2811 812 2862 Neapolitanus
826 2794 866 2852 iile
880 2811 902 2852 S.
918 2810 995 2852 Domi-

88 2884 137 2925 niei
151 2882 247 2924 maioris
261 2883 317 2937 erat,
333 2882 386 2925 1231
401 2896 441 2936 per
455 2883 565 2925 Phornam
579 2886 605 2927 de
620 2885 718 2927 Lentino
732 2887 853 2927 hindatus.
869 2887 914 2925 Pro
930 2886 995 2926 domo

89 2958 238 3002 conventuali
254 2959 321 3000 aedes
336 2959 456 3000 cuiusdam
472 2958 595 3011 hospitalis
611 2972 682 3012 prope
698 2960 818 3002 ecclesiam
834 2961 857 3001 S.
877 2958 995 3000 Michaelis
