2101 3187
422 67 538 108 Garritulun'r
552 66 673 107 provinciale
913 66 915 70 ⁴
965 66 993 108 87Ἰ

22 192 23 196 ’
86 199 182 240 Fratres
197 200 323 240 conventus
336 198 389 249 post
403 205 491 235 annum
506 204 561 234 suae
575 191 725 244 professionis
740 182 845 245 capitulo
860 192 989 245 culparum,

87 273 148 324 1111111
160 272 185 313 in
197 272 297 314 comitiis
310 267 492 324 provincialibus
506 267 583 319 fiebat,
597 266 708 307 interesse
721 267 838 319 poterant,
853 277 900 306 non
913 267 991 307 autem

87 346 300 402 deliberationibus.
316 342 409 385 Pariter
424 340 467 382 alii
481 342 570 382 iratres
583 352 634 381 cum
649 339 744 381 licentia
759 339 899 391 particulari
914 340 944 380 ad
960 339 991 380 lo-

86 433 138 462 cum
155 420 254 473 capituli
271 415 421 471 provincialis
437 415 585 466 accedebant,
604 426 650 455 non
667 413 756 455 vocatis
773 415 851 455 autem
869 414 904 455 vel
922 413 991 454 licen-

86 495 154 537 tiatis
167 492 327 548 paenitantiae
339 490 546 541 reponebantur.

142 570 187 610 Pro
203 565 313 619 capitulis
328 556 431 606 eiectivis
445 562 533 615 prioris
546 561 695 615 provincialis
710 561 759 603 alia
774 561 910 613 compositio
926 563 990 602 nota-

86 646 126 684 tur
144 640 337 693 comprehendens
355 637 445 690 priores
463 636 627 678 conventuales
644 638 667 677 et
686 636 743 677 duos
761 636 850 688 iratres
867 635 990 676 cuiuslibet

86 703 221 767 conventus,
246 725 292 754 non
315 711 395 753 allatis
418 710 619 763 praedicatoribus
642 709 789 762 generalibus
813 709 848 765 vel
872 709 990 762 magistris

86 789 243 841 theologiaer.
263 787 300 828 Ad
318 786 421 838 capitula
439 777 593 837 provincialia
611 783 678 824 iuxta
696 782 881 835 magnitudinem
900 783 990 835 provin-

85 864 175 913 ciarum
187 859 257 902 multi
269 861 303 902 vel
315 860 394 912 plures
404 843 491 900 iratres
503 860 657 900 accesserunt.
672 859 768 898 Fratres
780 857 821 898 500
833 857 859 897 in
871 856 990 908 prouincia

86 936 214 978 ’1111111111
228 947 288 976 anno
303 936 357 976 1302
371 933 471 985 capituli
485 934 560 975 locum
575 934 711 975 adierunt³1.

142 1009 293 1050 Praesidebat
310 1008 412 1060 capitulo
431 1007 570 1060 provinciali
587 1007 651 1060 prior
668 1007 820 1060 provincialis
837 1009 872 1049 vel
887 1008 990 1062 vicarius

86 1083 226 1136 provinciae.
244 1082 375 1124 Adveniens
389 1081 413 1122 in
429 1083 552 1134 conventu,
569 1081 608 1133 qui
623 1081 753 1134 capitulum
769 1081 886 1134 suscipere
902 1081 988 1135 debuit,

85 1169 179 1209 praeses
197 1156 267 1198 huius
285 1168 403 1205 consessus
422 1155 569 1196 discernebat
587 1157 614 1197 de
632 1156 754 1208 iratribus,
775 1155 870 1208 quinam
889 1157 990 1197 membra

86 1231 184 1273 iuridice
200 1230 299 1283 capituli
314 1232 396 1271 essent.
414 1230 518 1271 Membra
534 1229 632 1282 capituli
648 1232 703 1271 tunc
719 1231 774 1270 ante
791 1229 869 1270 omnia
886 1229 990 1271 definito-

85 1317 122 1347 res
140 1307 241 1357 quatuor
259 1304 298 1356 qui
315 1304 410 1346 insimul
428 1315 480 1344 cum
498 1303 636 1355 provinciali
653 1304 789 1344 tractabant
807 1307 830 1344 et
849 1303 990 1345 definiebant

85 1380 113 1422 de
128 1380 197 1421 rebus
213 1380 242 1420 ad
258 1391 295 1421 eos
310 1377 489 1430 pertinentibus,
507 1376 589 1418 deinde
604 1377 673 1418 etiam
689 1376 824 1419 definitores
839 1376 939 1429 capituli
954 1389 990 1428 ge-

85 1453 174 1495 neralis
190 1455 213 1494 et
230 1452 363 1494 visitatores
379 1450 504 1504 eligebant,
523 1453 546 1491 et
563 1450 653 1492 demum
670 1451 698 1492 de
714 1449 868 1502 petitionibus
885 1450 989 1502 capitulo

20 1554 22 1557 ι
85 1527 189 1580 generali
202 1526 378 1580 praesentandis
393 1525 561 1567 deliberabant.
577 1524 665 1566 Audita
679 1522 768 1576 quoque
782 1523 896 1565 relatione
911 1524 989 1565 defini-

85 1604 162 1643 torum
176 1600 276 1653 capituli
289 1599 402 1653 generalis
416 1598 496 1640 ultimi
509 1597 534 1639 in
548 1610 655 1639 consessu
669 1597 780 1651 pleniore,
796 1599 897 1650 quatuor
911 1597 990 1639 defini-

86 1678 148 1717 tores
166 1674 392 1716 suastractationes
411 1672 558 1725 negotiorum
577 1671 726 1723 incipiebant.
747 1672 945 1721 eremadmodum
965 1671 990 1711 in

85 1749 209 1802 principio,
225 1748 261 1789 ita
275 1741 298 1789 et
312 1749 337 1788 in
353 1747 397 1788 fine
411 1746 512 1798 capituli
526 1745 677 1798 provincialis
691 1745 756 1798 prior
771 1745 924 1797 provincialis
938 1757 990 1787 con-

85 1823 190 1876 gregavit
207 1834 284 1864 111111
300 1823 385 1878 iratres
401 1822 536 1871 conventus,
553 1818 682 1872 publicatis
694 1818 754 1860 actis
771 1818 899 1860 recentium
916 1821 990 1860 statu-

61 1951 62 1955 *
85 1900 171 1949 torum,
192 1896 341 1948 decisionum,
361 1895 507 1936 electionum.
529 1894 628 1945 Tempus
646 1893 809 1934 insumendum
828 1904 871 1944 pro
890 1892 989 1934 celebra·

85 1971 148 2012 tione
161 1970 261 2023 capituli
274 1969 424 2022 provincialis
436 1980 497 2009 anno
510 1968 565 2008 1252
578 1968 608 2008 ad
621 1967 671 2008 dies
683 1968 783 2019 quatuor
797 1968 820 2007 et
833 1967 887 2007 1276
900 1967 930 2007 ad
944 1968 989 2007 ter-

84 2044 173 2086 minum
188 2044 287 2097 capituli
301 2042 414 2096 generalis
429 2054 510 2094 nempe
524 2041 555 2082 ad
570 2041 733 2087 hebdomadam
749 2039 910 2081 ordinabatur.
927 2042 989 2081 Ante

84 2130 215 2170 regressum
228 2119 259 2159 ad
272 2120 408 2159 conventum
422 2115 544 2168 proprium
559 2114 644 2167 singuli
658 2114 715 2164 socii
729 2116 884 2154 conventuum
899 2113 989 2165 copiam

84 2193 191 2233 actorum
207 2191 253 2242 sibi
269 2203 350 2233 curare
367 2192 488 2232 debebant.

139 2265 240 2307 Labores
251 2266 349 2318 capituli
359 2266 383 2305 in
395 2265 499 2317 pleniore
509 2276 632 2316 congressu
644 2265 769 2317 peragendi
781 2267 936 2323 versabantur
946 2266 989 2307 cir-

84 2352 112 2382 ca
125 2339 285 2381 electioneset
298 2340 446 2381 definitorum
459 2341 510 2380 tum
523 2337 598 2391 ipsius
610 2338 710 2391 capituli
723 2338 876 2392 provincialis
888 2341 939 2381 turn
952 2351 989 2382 ca-

84 2414 156 2467 pituli
170 2413 284 2466 generalis
298 2416 321 2455 et
335 2414 460 2475 electorum
474 2412 582 2465 magistri
597 2413 692 2454 ordinis.
709 2413 787 2455 Series
800 2413 883 2455 harum
898 2414 989 2455 electio-

84 2501 140 2530 num
151 2486 278 2541 generatim
290 2487 315 2527 in
325 2488 385 2529 actis
395 2487 553 2539 capitulorum
565 2487 742 2539 provincialium
753 2489 876 2539 apparent.
891 2489 989 2540 Insuper

69 2566 139 2612 ⁸vota
153 2562 202 2603 alia
216 2563 243 2602 ut
257 2561 371 2602 scrutinia
385 2564 408 2603 et
423 2561 551 2614 petitiones
564 2561 590 2601 in
604 2561 672 2613 pleno
687 2563 754 2603 coetu
769 2561 957 2613 perficiebantur,
974 2574 989 2603 1
1016 2551 1017 2554 “

85 2636 248 2679 definitoribus
262 2635 364 2687 capitulo
379 2636 483 2688 generali
498 2636 664 2688 apportandae.
682 2634 868 2677 Deliberationes
884 2635 989 2677 definito-

84 2723 136 2752 rum
150 2710 300 2763 provincialis
314 2709 412 2761 capituli
427 2723 479 2752 cunr
493 2710 632 2763 provinciali
646 2712 823 2766 legislationem,
839 2713 988 2756 administra·

84 2786 179 2838 tionem,
199 2785 302 2827 ordinem
321 2783 475 2837 spiritualem,
496 2785 653 2839 iudiciarium,
673 2786 804 2828 taxativum
824 2787 986 2840 respiciebant.

84 2861 123 2902 Ita
140 2859 309 2901 admonitiones
325 2860 347 2899 et
363 2857 515 2901 inhibitiones
532 2860 560 2901 de
576 2860 720 2913 legislatione
737 2863 801 2914 sunt,
819 2862 874 2902 dum
890 2861 988 2904 admini-

83 2934 169 2976 stratio
183 2933 364 2987 designationem
376 2931 432 2973 socii
446 2933 578 2975 definitoris
590 2934 667 2975 euntis
679 2935 709 2976 ad
721 2935 852 2987 capitulum
865 2935 985 2988 generalis,

83 3008 250 3060 inspectionem
262 3007 392 3060 provinciae
404 3017 445 3058 per
457 3006 592 3049 visitatores
603 3009 756 3050 nominandos
768 3012 792 3051 et
804 3009 934 3050 studiorum
946 3019 986 3059 per
